4850 5918
1175 379 1232 455 XI
1270 483 1275 492 .

327 598 451 682 Kdnigs
473 596 554 680 Agis
575 591 628 674 11,
650 589 749 655 durch
771 590 833 654 den
854 591 1005 654 letataron
1026 593 1130 676 gleieh
1159 594 1239 658 naeh
1270 593 1326 658 der
1348 593 1494 659 Sohlaeht
1523 595 1573 658 bei
1595 592 1682 658 Issos
1706 592 1795 676 (333)
1823 613 1880 657 zur
1901 591 2092 675 Eroherung

327 740 389 784 von
413 717 512 784 Krete
534 713 703 778 verstehen
728 758 735 773 .
758 757 766 773 .
789 760 795 774 .
820 710 870 774 De
889 712 1042 778 indossen
1062 712 1155 778 beide
1176 714 1264 779 neue
1286 734 1414 799 possen,
1434 735 1470 780 so
1493 716 1603 780 wiirdo
1623 713 1828 796 Aristoteles,
1849 733 1944 776 avenn
1974 733 2008 775 er
2038 713 2092 775 tla-

327 839 418 920 rnsh,
441 837 487 902 als
509 856 544 902 er
566 835 654 898 diese
674 831 771 897 Stello
787 830 922 915 sehrieb,
937 834 1018 896 auch
1040 832 1102 896 den
1118 835 1252 898 zweiton
1268 833 1386 900 bereits
1403 837 1546 920 gotranni
1561 836 1656 918 nette,
1676 834 1756 898 rvohl
1779 832 1866 897 nieht
1882 851 1946 896 ven
1964 834 2091 896 einem

329 959 539 1044 euswdrtigen
560 953 688 1040 Kriege,
711 953 850 1020 eundern
872 974 935 1018 von
959 957 1083 1020 zweien
1112 958 1309 1041 gesprochen
1332 955 1435 1020 haben
1468 957 1545 1020 ote.“
1592 954 1681 1031 Quae
1712 955 1782 1018 sine
1811 952 1908 1017 dubie
1934 953 2091 1017 Keilius

329 1081 476 1146 refutavit
496 1079 546 1142 his
566 1075 689 1142 verbis:
714 1075 784 1158 „die
807 1075 937 1140 letztere
961 1074 1151 1162 Beziehung
1172 1077 1328 1142 verbietet
1354 1078 1422 1142 sich
1453 1077 1552 1142 durch
1581 1076 1642 1140 don
1669 1074 1840 1138 Ausdrueh
1869 1074 1924 1137 dor
1951 1077 2093 1138 aristote-

329 1201 449 1266 lischen
467 1199 577 1264 Worte
590 1197 628 1281 ⁷³)
650 1217 715 1261 von
740 1194 849 1261 solbet.
893 1195 1028 1261 Erstens
1048 1217 1115 1261 war
1135 1197 1191 1262 der
1206 1197 1347 1281 Feldzug
1369 1198 1425 1261 des
1442 1199 1521 1282 Agis
1545 1197 1619 1260 kain
1644 1185 1757 1269 ξενικὸς
1780 1183 1921 1279 πόλεμος,
1938 1195 2024 1258 donn
2039 1196 2091 1258 ein

328 1320 436 1405 Kdnig
453 1320 559 1384 flihrte
580 1316 694 1400 ihni‘),
716 1317 881 1380 zweitens.
896 1315 1009 1400 besagt
1034 1308 1219 1399 διαβέβηκεν,
1247 1318 1321 1382 dass
1352 1318 1408 1382 der
1433 1317 1658 1400 Shldnerhrieg
1680 1316 1721 1399 (P)
1749 1333 1807 1378 aus
1835 1316 1939 1378 oinem
1973 1315 2092 1378 andorn

328 1441 436 1508 hande
459 1440 541 1504 nach
562 1437 661 1502 Krete
683 1433 970 1521 hiniibergetragen
995 1437 1116 1522 warde,
1138 1438 1272 1502 drittens
1294 1439 1504 1522 rechtfertigt,
1526 1456 1592 1501 ares
1616 1438 1674 1500 uir
1701 1436 1782 1500 iiber
1812 1437 1863 1498 die
1886 1435 2014 1519 Erfolge
2037 1437 2093 1528 des

328 1563 410 1645 Agis
432 1561 562 1642 wissen,
584 1560 617 1622 in
640 1557 751 1622 keiner
773 1555 881 1621 Weiss
904 1558 966 1621 den
990 1555 1094 1624 Inhalt
1115 1559 1172 1623 des
1194 1559 1447 1624 aristotelisohen
1470 1558 1728 1624 Sohlusswortes.
1772 1555 1832 1620 Die
1855 1557 1964 1620 Worto
1986 1558 2092 1641 gehon

330 1681 426 1746 allein
449 1679 507 1744 asi
524 1679 587 1743 den
610 1677 852 1743 Shldnerltihrer
872 1676 1042 1744 Phalaihos
1065 1681 1140 1744 ete.“
1186 1680 1336 1744 Attamen
1360 1680 1535 1764 quidinde
1558 1680 1723 1764 sequitur?
1762 1677 1795 1742 Si
1817 1681 1877 1743 hoo
1902 1699 2012 1744 vorum
2035 1683 2094 1762 nst,

333 1800 414 1864 nihil
436 1799 548 1882 obstat,
570 1801 691 1886 opinor,
713 1800 886 1883 quominus
909 1801 1051 1882 omnino,
1074 1801 1102 1863 si
1119 1800 1282 1883 volumno,
1303 1805 1374 1884 post
1396 1821 1516 1865 annum
1540 1802 1670 1866 demum
1694 1801 1756 1864 333
1779 1802 1940 1883 incepisse
1962 1797 2095 1862 Politice

335 1919 495 1986 elaborare
523 1918 723 1984 Aristotelem
751 1918 926 1982 credamus.
974 1918 1047 1984 Non
1081 1922 1178 2004 igitur
1198 1922 1241 1985 'in
1266 1941 1361 1988 suum
1393 1922 1546 1998 favorem,
1582 1922 1637 1986 sed
1670 1923 1705 1985 in
1736 1941 1845 1986 meum
1877 1921 1955 1984 haee
1988 1920 2095 1984 docuit

336 2039 504 2106 Keilius.
549 2040 592 2102 At
613 2037 709 2102 alium
732 2037 838 2103 locum
863 2036 921 2102 VII
943 2037 1023 2123 (Vl),
1047 2038 1074 2102 7.
1098 2041 1244 2106 1321·26
1267 2061 1336 2126 sqq.
1358 2036 1413 2111 τὀν
1432 2032 1468 2103 δὲ
1488 2031 1651 2127 μετάδοσιν
1664 2041 1821 2127 γίγνεσθαι
1838 2044 1883 2119 τῷ
1905 2031 2019 2109 πλήθει
2039 2043 2094 2102 τοῦ

337 2151 554 2245 πολιτεύματος
573 2151 642 2230 ἤτοι
662 2149 801 2245 καθάπερ
823 2162 937 2245 εἴρηται
957 2150 1110 2248 πρότερον,·
1130 2171 1192 2234 τοῖς
1212 2153 1250 2222 τὸ
1272 2161 1389 2246 τίμημα
1403 2159 1577 2246 κτωμένοις,
1599 2156 1618 2232 ἡ
1635 2150 1774 2246 καθάπερ
1790 2159 1939 2241 Θηβαίοις,
1960 2159 2094 2244 οἰτοσχο-

338 2279 434 2366 μένοις
451 2269 555 2365 χρόνον
576 2272 643 2342 τινὰ
664 2283 728 2342 τῶν
748 2269 903 2360 βαναύσων
925 2281 1026 2365 ἔργων,
1048 2275 1068 2348 ἦ
1091 2271 1228 2367 καθάπερ
1256 2282 1286 2342 έν
1317 2280 1462 2364 Μασαλέα
1491 2282 1581 2369 κρίσιν
1607 2280 1798 2366 ποιουμένους
1827 2286 1889 2343 τῶν
1917 2270 2008 2354 ἀξίων
2032 2283 2095 2340 τῶν

335 2395 417 2481 (τοὺς
437 2398 663 2486 Niemeyer)
685 2401 715 2462 έν
737 2403 783 2481 τῷ
802 2390 1002 2486 πολιτεύματι
1023 2402 1073 2464 καὶ
1092 2407 1155 2464 τῶν
1171 2392 1287 2476 ἔξωθεν
1309 2403 1473 2466 iuvenisse
1501 2401 1564 2466 sibi
1585 2403 1712 2466 videtur
1738 2404 1788 2466 vir
1815 2403 2031 2482 acutissimus
2053 2421 2094 2464 ox

334 2540 397 2604 quo
420 2524 492 2584 ente
514 2539 636 2584 aunum
659 2520 720 2583 335
743 2523 844 2584 totum
866 2539 947 2605 opus
977 2522 1129 2605 scriptum
1156 2540 1228 2586 esse
1256 2522 1511 2587 concludendum
1540 2523 1589 2586 sit.
1639 2519 1764 2587 Rursus
1793 2523 1961 2586 audiamus
1991 2523 2094 2605 ipsius

334 2640 445 2705 verba:
470 2640 529 2723 „So
552 2641 637 2704 kann
662 2659 724 2704 von
739 2637 880 2722 Theben,
905 2640 1097 2704 namentlich
1120 2640 1226 2706 nobee
1248 2641 1321 2706 dem
1344 2643 1426 2706 uooh
1441 2640 1659 2707 bestehendon
1679 2642 1838 2725 Massalia,
1854 2643 1937 2706 ohne
1951 2641 2095 2706 Rostriu·

334 2763 470 2846 gierung
491 2781 553 2826 nur
573 2761 770 2845 gesproeheu
794 2761 918 2824 werden
944 2781 1000 2826 vor
1029 2761 1100 2825 dem
1124 2762 1269 2826 Sommer
1294 2763 1351 2827 des
1373 2761 1487 2827 Jahres
1510 2765 1586 2844 3353
1614 2764 1695 2827 naeh
1723 2764 1827 2828 dieser
1849 2763 1917 2826 Zoit
1943 2781 2032 2826 muss
2060 2781 2095 2825 os

334 2884 462 2948 heissen
484 2881 626 2964 Θηβαίοις
646 2879 732 2961 ποτέ,
753 2881 838 2946 deun
868 2900 903 2945 es
930 2880 991 2967 gab
1021 2881 1096 2946 huin
1118 2879 1249 2946 Theben
1278 2883 1381 2963 mehr3
1416 2883 1477 2948 dio
1508 2881 1754 2948 Institution
1787 2882 1883 2946 wird
1916 2881 2005 2946 abor
2039 2883 2094 2946 als

334 3005 420 3068 eine
443 3002 545 3067 noch
572 3000 810 3066 bestehende
839 3001 1100 3086 dargestellt“.
1156 3000 1228 3066 Hoc
1260 3002 1335 3067 dicit
1368 3003 1547 3087 Keilius,
1581 3005 1743 3089 sed'quid
1771 3003 1809 3068 de
1837 3004 1948 3068 eadem
1970 3025 2004 3068 re
2027 3006 2096 3089 ipse

335 3125 411 3188 dicit
438 3120 642 3202 Aristoteles,
664 3121 803 3204 optimus
831 3121 942 3205 procul
969 3121 1066 3187 dubio
1094 3141 1225 3187 suorum
1254 3121 1422 3187 verborum
1449 3125 1625 3208 interpres?
1677 3123 1789 3218 lique.
1819 3123 1913 3186 12781·
1923 3123 1963 3186 25
1991 3143 2038 3207 sq.
2067 3125 2097 3185 έν

336 3243 449 3324 θοβαις
471 3233 506 3306 δὲ
527 3233 615 3327 νόμος
636 3233 678 3312 ἧν
698 3236 752 3304 τὸν
773 3232 849 3304 δέκα
871 3242 950 3304 treis
972 3237 1014 3328 μὴ
1036 3240 1243 3329 ἀπεσχημένον
1270 3247 1326 3318 τῆς
1348 3242 1459 3332 ἀγορᾶς
1487 3238 1528 3329 μὴ
1557 3242 1695 3329 μετέχειν
1715 3240 1823 3329 ἀμχῆςε
1851 3243 1927 3308 dicit
1952 3236 2002 3322 ἦν,
2030 3264 2095 3307 non

335 3364 425 3444 ἐστί,
447 3365 556 3447 itaque
578 3361 659 3426 nihil
680 3366 835 3446 superest,
858 3363 922 3426 nisi
944 3366 980 3426 ut
1001 3363 1214 3429 concedamus
1236 3362 1333 3428 altero
1356 3364 1410 3428 illo
1426 3364 1495 3429 loco
1510 3366 1683 3448 posteriore
1698 3363 1922 3448 philosophum
1946 3384 2009 3428 uon
2030 3369 2095 3428 tam

334 3487 479 3548 accurate
500 3483 643 3546 loentum
671 3501 754 3564 esse,
784 3501 879 3566 quam
907 3482 1088 3568 philologus
1117 3482 1156 3548 ab
1187 3503 1224 3548 eo
1253 3484 1443 3567 postulate).
1491 3483 1612 3567 Cetera,
1638 3503 1719 3568 quae
1748 3483 1837 3547 affert
1859 3483 2030 3568 Keilius,
2062 3489 2096 3547 ut

334 3603 514 3689 metaphora
545 3606 653 3667 eontra
683 3603 782 3667 alium
813 3604 974 3688 quondam
1001 3606 1177 3668 rectissime
1204 3600 1324 3686 alibi⁷⁶l
1354 3602 1392 3667 ab
1419 3623 1458 3668 eo
1486 3603 1628 3668 adhibita
1657 3624 1743 3667 nune
1769 3609 1877 3668 eontra
1909 3623 1983 3668 eum
2016 3609 2095 3686 utar,

333 3745 455 3792 merces
477 3730 553 3790 sunt
573 3725 709 3810 fragiles.
752 3723 851 3790 Recte
875 3724 1003 3810 quidem
1027 3723 1151 3789 scribit:
1176 3723 1239 3807 „his
1262 3725 1347 3790 suun
1367 3725 1479 3790 Niohts
1502 3725 1581 3790 iiber
1604 3725 1660 3790 das
1682 3724 1761 3789 Jahr
1784 3725 1844 3788 335
1867 3725 2015 3809 hinaus“,
2037 3725 2094 3788 sod

332 3866 390 3911 cur
411 3845 521 3911 debuit
542 3846 731 3911 Aristoteles
753 3846 838 3910 inter
860 3845 1008 3928 exempla
1030 3847 1125 3908 etiam
1148 3863 1199 3909 res
1222 3847 1378 3929 proximis
1401 3849 1495 3910 sanis
1517 3851 1624 3930 gestas
1646 3847 1807 3929 recipere?
1850 3844 1889 3908 In
1916 3845 2091 3910 Rhetoricis

333 3985 462 4052 quoque
485 3966 543 4030 hoo
565 3985 629 4030 non
652 3965 778 4049 fectus).
822 3963 937 4050 Neque
958 3965 1049 4049 plura
1071 3965 1206 4050 probant
1226 3965 1351 4031 Keilii
1373 3967 1470 4032 verba
1494 3967 1596 4050 „mich
1620 3966 1760 4031 bestitrkt
1781 3967 1832 4031 die
1856 3966 2093 4051 Beobaohtung,

331 4088 406 4153 dass
428 4106 502 4151 rom
529 4085 729 4152 Perserreioh
754 4089 870 4151 immor
896 4105 932 4150 so
962 4088 1159 4171 gesproehon
1182 4088 1275 4169 wird,
1298 4089 1372 4152 dass
1400 4087 1550 4172 nirgeuds
1581 4091 1633 4152 eiu
1657 4089 1783 4152 Zueifel
1810 4109 1851 4152 an
1880 4089 2002 4151 seinom
2032 4087 2092 4150 Be-

498 4277 543 4346 7³)
560 4277 644 4330 νεωστί
661 4296 687 4330 τε
702 4273 809 4349 τῶιεμος
826 4273 911 4342 ξενκὸς
928 4277 1067 4347 διαβέβηκεν
1084 4276 1114 4339 ek
1131 4272 1176 4344 τήν
1192 4278 1273 4346 νῆσον,
1291 4274 1316 4339 ὃς
1333 4277 1445 4343 πεποίηκε
1463 4271 1566 4346 φανερὰν
1584 4271 1628 4343 τὴν
1645 4272 1772 4330 ἀσθένειαν
1789 4279 1840 4330 τῶν
1858 4275 1903 4328 ἐκεῖ
1920 4272 2009 4346 νόμιον.

495 4363 537 4428 74)
558 4363 616 4418 Ηοο
634 4381 688 4418 non
704 4365 845 4434 intellego:
868 4359 975 4435 πόλεμος
993 4359 1077 4426 ξενικάς
1095 4367 1123 4418 et
1142 4364 1262 4429 mihist,
1280 4365 1304 4418 si
1322 4367 1394 4420 reete
1412 4364 1529 4429 memini,
1549 4365 1645 4419 ceteris
1666 4366 1857 4435 interpretibus
1876 4367 1998 4420 omnibus
2022 4367 2089 4420 nihil

333 4451 406 4506 aliud
424 4451 577 4520 significare
594 4451 701 4506 videtur
719 4453 770 4506 nisi
788 4454 849 4517 „aiu
867 4453 1043 4520 auswirtiger
1057 4452 1168 4520 Krieg“,
1187 4456 1216 4506 et
1229 4453 1279 4507 hoo
1298 4453 1404 4522 quidem
1423 4451 1552 4522 quadaret
1563 4451 1597 4505 ad
1611 4452 1708 4506 bellum
1723 4452 1867 4508 Alexandri
1880 4457 1973 4506 eontra
1987 4453 2090 4507 Persas.

333 4537 386 4593 Sed
402 4537 515 4592 fortasse
533 4554 580 4592 nos
598 4555 689 4593 omnes
707 4539 853 4595 erravimus
871 4543 899 4593 ot
917 4539 1050 4594 Keilius
1068 4541 1140 4592 reete
1159 4535 1247 4594 reddit
1265 4539 1496 4608 „Sdldnerkrieg‘·.
1533 4540 1700 4608 Quamquam
1720 4541 1770 4594 hoe
1794 4556 1846 4594 non
1865 4539 1950 4594 oredo.
1986 4540 2085 4594 Utrum

332 4625 404 4680 enim
422 4623 645 4678 mercenariorum
663 4625 745 4680 fuerit
761 4626 813 4680 hoe
830 4626 928 4680 bellum
947 4643 1044 4690 annon,
1059 4626 1128 4680 nihil
1145 4627 1179 4680 sd
1197 4643 1261 4692 rem,
1280 4626 1326 4682 sed
1344 4627 1459 4682 multum
1477 4627 1510 4680 ad
1534 4642 1599 4688 rem,
1623 4626 1693 4696 quod
1717 4627 1768 4680 luit
1791 4631 1954 4681 extraneum.
1993 4625 2091 4680 Videte

332 4711 450 4782 proxime
470 4711 656 4766 antecedentis
673 4729 696 4766 ν.
719 4715 828 4767 15-211.

499 4799 546 4867 75)
564 4799 649 4854 Reeta
666 4799 720 4853 iam
739 4804 865 4870 reeteque
883 4801 1007 4857 erutione
1021 4819 1084 4856 usus
1103 4801 1211 4856 Zaller
1228 4801 1245 4854 1.
1258 4801 1289 4854 l.:
1309 4799 1430 4864 „Albense
1443 4801 1530 4868 wenig
1548 4801 1617 4868 iolgt
1634 4817 1681 4855 aus
1697 4801 1774 4855 Auel.
1795 4799 1832 4864 II,
1844 4801 1886 4863 24,
1909 4799 1969 4853 dass
1983 4800 2090 4854 Theben

331 4887 433 4942 damals
450 4887 520 4942 noeh
537 4886 614 4942 nieht
631 4889 744 4941 aerstbrt
762 4903 827 4951 narr
845 4888 909 4943 aher
926 4890 1025 4944 iduato
1048 4905 1110 4943 man
1133 4887 1542 4950 ausPout.n1,5.1278=‘re
1566 4887 1608 4940 hir
1636 4888 1706 4942 diosa
1730 4887 1832 4942 Schrilt
1849 4887 1895 4940 dns
1928 4887 2088 4954 Gegontheil

332 4973 506 5030 abnahmen“.
540 4974 644 5044 Baapsa
661 4974 733 5028 enim
749 4974 871 5044 sequitur
887 4980 936 5030 aut
952 4976 1036 5030 solam
1054 4975 1124 5031 hano
1141 4977 1229 5044 legem
1248 4979 1297 5030 aut
1319 4975 1400 5028 etiarn
1423 4975 1495 5044 ipsas
1516 4973 1621 5028 Thebas
1646 4976 1700 5029 inm
1724 4991 1777 5028 non
1794 4978 1896 5028 extare:
1921 4992 1972 5028 nnn
1996 4975 2082 5026 solum

331 5063 421 5114 autom
439 5059 512 5124 illud,
529 5059 577 5115 sod
594 5060 677 5115 etiam
694 5060 746 5114 hoo
763 5059 850 5116 dieere
868 5062 982 5116 voluisse
1000 5061 1173 5118 Aristotelem
1191 5067 1295 5117 eertum
1313 5066 1362 5126 ast,
1380 5061 1404 5116 si
1422 5079 1453 5116 ex
1471 5063 1530 5116 aliis
1550 5062 1636 5116 causis
1654 5061 1831 5118 demonstrari
1856 5066 1946 5131 potest
1970 5060 2086 5115 Politice

331 5149 393 5218 post
410 5163 509 5203 ennam
526 5153 578 5204 335
596 5165 652 5203 esse
670 5148 814 5204 elaborata
850 5149 888 5204 st
905 5149 957 5206 hoo
975 5149 1082 5222 quidem
1102 5167 1144 5206 ms
1162 5150 1329 5220 praestitisse
1348 5148 1471 5205 arbitror.

498 5235 545 5300 76)
563 5235 654 5290 Herm.
672 5235 757 5290 XXV.
778 5236 852 5292 1890.
871 5253 897 5308 p.
915 5241 975 5294 318.

498 5321 545 5391 77)
564 5322 605 5377 Gi.
623 5321 731 5378 Zollsr
748 5323 766 5378 1.
784 5324 802 5379 1.
