4820 5922
1175 435 1266 512 XIII

337 653 500 736 scribatur,
533 673 667 739 prorsus
691 653 836 718 sufficere
860 651 1027 716 videantur
1059 651 1097 714 ad
1119 653 1245 715 tcrtIum
1269 651 1384 714 librum
1407 649 1552 734 duosque
1572 652 1692 734 priores
1714 650 1796 712 inter
1817 665 1852 709 se
1874 645 2080 728 colligandos,

338 777 394 840 via
416 779 491 860 puto
514 793 600 856 eum,
634 775 688 857 qui
711 773 787 836 haec
810 773 942 855 scripsit,
964 774 1028 834 tarn
1050 771 1170 835 fatuum
1192 790 1262 836 esse
1284 773 1436 855 potuisse,
1466 776 1502 835 ut
1530 770 1584 834 illa
1607 769 1744 851 adderet,
1778 787 1859 852 quae
1882 772 1913 830 et
1935 769 2003 850 ipsa
2025 769 2089 830 iam

336 897 403 960 sola
422 895 518 959 talem
540 897 704 960 continent
725 895 903 958 transitum.
948 889 1050 956 Immo
1074 893 1128 974 qui
1152 891 1205 954 illa
1226 891 1349 974 adiecit
1372 893 1399 954 is
1416 893 1479 954 iam
1503 890 1581 972 legit
1601 890 1688 969 haec,
1712 887 1768 951 sod
1791 888 1867 970 legit
1900 889 1933 950 in
1957 885 2087 949 exordio

335 1017 503 1100 peculiaris
526 1015 774 1094 dissertatione,
807 1017 839 1078 et
860 1013 941 1076 hane
969 1009 1008 1074 ob
1035 1028 1103 1074 rem
1124 1030 1204 1094 opus
1226 1030 1297 1076 esse
1327 1012 1451 1094 putavit
1473 1011 1722 1074 additamentum
1746 1027 1861 1088 suurn,
1893 1025 2088 1091 quamquam

334 1137 468 1200 minIme
493 1154 573 1219 opus
596 1139 670 1199 erat.
714 1134 915 1217 Quamquam
933 1131 1020 1194 enim
1044 1147 1108 1192 oon
1130 1149 1204 1212 pars
1234 1131 1339 1214 ipsius
1362 1132 1436 1193 artis
1458 1130 1642 1210 rhetorIcae,
1665 1136 1771 1194 tamen
1794 1128 1995 1192 corollarium
2019 1127 2089 1190 cius

336 1259 402 1319 erat
423 1256 500 1320 haec
523 1255 746 1319 commentatio
770 1252 947 1316 secundum
975 1249 1154 1313 Aristotelis
1187 1252 1393 1331 sententiam,
1422 1252 1535 1332 itaque
1556 1250 1635 1313 nihil
1658 1247 1803 1332 impedit,
1838 1247 2009 1332 quominus
2032 1264 2089 1309 ex-

333 1377 460 1440 ordium
484 1374 523 1439 ab
546 1394 583 1439 eo
606 1374 702 1456 plane
724 1375 787 1436 iam
808 1372 895 1436 idem
914 1374 1127 1454 praemissum
1149 1387 1220 1432 esso
1249 1373 1441 1450 statuamus,
1465 1369 1551 1453 quod
1574 1389 1660 1434 nunc
1682 1365 1880 1452 legimns³⁵)‚
1909 1369 1974 1430 nisi
2004 1365 2089 1450 quod

337 1495 460 1559 nudum
481 1497 594 1580 εἴρηται
615 1513 647 1554 v.
669 1495 688 1556 9
710 1491 859 1556 adhibere
881 1509 944 1553 non
967 1489 1079 1573 potuit,
1110 1489 1166 1552 sed
1189 1488 1348 1552 addIdisso
1370 1489 1531 1571 putandus
1555 1494 1602 1552 ost
1623 1491 1652 1550 ἐν
1681 1498 1742 1562 τοῖς
1772 1490 1835 1575 περὶ
1863 1489 2016 1574 ῥητορικῆς
2038 1486 2090 1550 vel

333 1616 363 1678 ἐν
385 1608 491 1688 ἄλλοις
514 1613 565 1676 vel
588 1616 672 1677 certe
695 1603 844 1698 πρότερον.
888 1609 961 1674 Νοιι
984 1610 1142 1693 reputavit
1162 1606 1322 1674 Rabeus
1343 1613 1437 1672 etiam
1461 1610 1495 1671 iu
1519 1609 1630 1672 ultimo
1645 1611 1747 1693 capite
1769 1605 1937 1672 Rhetorica
1958 1625 2089 1690 prorsus

340 1734 451 1798 eadem
470 1735 591 1798 rollone
613 1733 701 1796 cilari
725 1733 805 1797 1419
819 1731 832 1771 b
845 1729 881 1793 18
901 1734 1030 1817 εἴρηνται
1051 1721 1203 1817 (πρότερον
1224 1731 1283 1794 hoc
1305 1749 1433 1814 quoque
1457 1731 1525 1793 loeo
1542 1728 1580 1792 ab
1595 1729 1765 1794 Aristotele
1787 1727 1972 1792 adiunctum
1990 1726 2091 1789 fuisso

338 1864 420 1928 reor)
443 1860 470 1917 οἱ
491 1844 588 1931 τόποι,
611 1851 651 1914 23
674 1854 820 1914 iuncturas
842 1857 868 1914 oi
900 1841 988 1914 τόποι
1019 1842 1168 1938 πρότερον,
1190 1853 1229 1914 27
1254 1853 1401 1914 tractarat
1429 1841 1463 1912 δὲ
1485 1851 1535 1912 καὶ
1557 1840 1674 1912 τούτων
1696 1855 1723 1911 oi
1742 1839 1831 1911 τόποι
1852 1839 2002 1934 πρότερον,
2025 1865 2090 1909 non

339 1973 538 2039 aredactorc
561 1974 700 2054 demum,
734 1971 791 2036 sed
822 1971 885 2036 iam
908 1970 946 2034 ab
970 1972 1140 2036 Aristotele
1173 1973 1260 2056 ipso:
1295 1973 1460 2054 nequeunt
1490 1973 1577 2035 enim
1610 1971 1688 2034 hacc
1708 1990 1726 2034 e
1748 1987 1838 2033 nexu
1860 1968 2089 2031 sententiarum

338 2095 427 2178 en'pi.
471 2095 523 2176 At,
544 2095 651 2178 inquit
670 2089 843 2175 Rabona,
877 2111 941 2155 non
965 2093 1139 2156 concinunt
1160 2112 1232 2156 oum
1254 2089 1431 2156 Rhetoricis
1453 2091 1551 2156 verba
1582 2093 1632 2152 καὶ
1663 2082 1765 2152 διὰτί
1785 2093 1922 2152 τοσαῦτα
1944 2078 2019 2173 μόνα
2041 2087 2085 2169 (v.

340 2215 402 2292 10):
434 2233 573 2298 namque
608 2213 667 2276 hoc
689 2231 754 2276 non
777 2210 822 2275 ibi
845 2211 1094 2276 demonstratum
1117 2215 1173 2275 est.
1217 2212 1322 2276 Audio
1354 2212 1519 2300 etlcrgiri
1542 2231 1651 2296 cogor,
1673 2215 1709 2273 ut
1740 2230 1805 2273 non
1826 2209 1943 2272 factum
1967 2209 2007 2272 sit
2029 2226 2086 2270 cx-

336 2337 454 2419 pressis
478 2333 593 2415 verbis,
616 2332 672 2398 sed
690 2333 749 2397 hac
771 2333 805 2396 ln
826 2351 861 2395 re
883 2333 953 2413 ipsa
973 2331 1089 2418 divisIo
1108 2333 1172 2396 iam
1188 2327 1283 2396 simul
1298 2333 1438 2396 continet
1453 2332 1767 2396 demonstrationem:
1792 2331 1908 2393 etenim
1923 2330 1958 2391 in
1974 2327 2086 2391 oratin-

335 2453 431 2519 nibus
452 2457 577 2537 praeter
598 2455 700 2537 ipsam
723 2471 807 2533 rem,
841 2454 1012 2533 oratorem,
1040 2451 1205 2516 audientes
1228 2453 1290 2532 (vel
1313 2451 1469 2536 legentes)
1491 2457 1636 2536 quartum
1660 2471 1724 2514 non
1748 2450 1814 2513 dari
1837 2454 1979 2534 apparet,
2011 2467 2084 2532 crgo

335 2578 429 2640 otiam
451 2576 583 2660 cogitari
606 2576 773 2658 nequeunt
794 2573 875 2636 aliae
898 2571 1011 2648 πίστεις
1026 2573 1089 2636 nisi
1112 2576 1174 2636 tres
1196 2572 1270 2636 illae
1292 2569 1358 2634 κατ’
1384 2561 1544 2650 ἀπόδειξιν,
1567 2565 1648 2633 κατὰ
1669 2565 1710 2632 τὰ
1730 2563 1803 2648 ἤθη,
1824 2563 1904 2631 κατὰ
1925 2564 1966 2632 τὰ
1987 2560 2083 2639 πάθη.

334 2695 422 2760 Talia
443 2697 471 2758 si
494 2714 637 2779 premere
659 2694 819 2777 volumus,
842 2693 1028 2778 saepissime
1050 2695 1205 2776 corrigere
1221 2695 1365 2778 cogImur
1379 2694 1484 2776 ipsum
1500 2692 1738 2776 philosophum:
1761 2681 1964 2776 agnoscenda
1978 2691 2085 2773 potius

333 2819 382 2880 est
402 2815 484 2899 apud
501 2835 575 2880 eum
598 2815 784 2899 saepIssime
807 2818 838 2877 et
858 2813 995 2898 proiecto
1018 2813 1202 2878 excusanda
1223 2813 1380 2878 eiusmodi
1399 2813 1611 2896 neglegentia,
1627 2831 1709 2896 quac
1728 2813 1775 2875 rei
1796 2815 1943 2874 tractatae
1966 2829 2086 2895 nequa-

334 2956 430 3020 quam
452 2931 551 3004 nocet,
595 2934 753 2999 (lairere
776 2933 984 2998 nihilominus
1008 2936 1104 2998 nimis
1127 2934 1298 3018 dIspIIcent
1319 2935 1395 2998 haec
1418 2933 1522 3010 serbe,
1557 2936 1587 2998 oi
1609 2935 1730 2997 lieltum
1754 2936 1802 2996 est
1824 2951 1862 2996 ea
1884 2933 1951 2996 sola
1969 2930 2085 2995 habere

334 3073 389 3140 pro
411 3056 582 3119 reductoris
604 3055 855 3139 interpolatione.
899 3056 942 3118 nt
957 3055 1092 3136 diversis
1114 3053 1230 3137 verbis,
1257 3057 1284 3117 si
1297 3051 1427 3118 Rabeo
1451 3054 1619 3136 credimus,
1643 3054 1760 3117 similia
1775 3054 1924 3117 dicuntur
1938 3073 1968 3114 r.
1981 3052 2085 3115 6—18

336 3181 366 3238 et
391 3175 428 3238 18
452 3195 519 3258 sqq.
548 3167 584 3236 τό
609 3172 663 3258 μὲν
684 3167 734 3236 οὖν
758 3177 877 3260 πρῶτον
909 3166 1045 3249 &Iurida
1078 3171 1159 3237 κατὰ
1188 3167 1283 3262 φύσιν,
1317 3173 1387 3262 ὅπερ
1409 3174 1522 3260 πέφυκε
1541 3179 1668 3260 πρῶτον,
1703 3167 1781 3235 αὐτὰ
1802 3167 1843 3236 τὰ
1864 3163 2027 3259 πράγματα
2050 3172 2086 3234 ἐκ

335 3295 421 3356 τίνων
444 3298 506 3380 ἔχει
528 3289 564 3357 τό
586 3285 721 3374 πιθανόν,
743 3285 881 3381 δεύτερον
902 3285 937 3357 δὲ
958 3290 995 3358 τό
1016 3299 1116 3359 ταῦτα
1139 3301 1178 3378 τῇ
1201 3287 1281 3370 λέξει
1303 3287 1477 3359 διαθέσθαι.
1522 3295 1583 3358 Sed
1607 3295 1664 3359 hoc
1687 3315 1751 3358 non
1774 3299 1823 3358 est
1844 3313 1965 3372 vorum,
1987 3295 2085 3358 immo

334 3420 426 3480 antea
449 3414 567 3499 quibus
590 3415 748 3479 derebus
771 3414 873 3505 tribus
896 3417 1009 3480 oratori
1032 3421 1199 3502 praecepta
1230 3418 1295 3480 siut
1316 3417 1420 3480 danda
1441 3417 1622 3499 exposItum
1645 3419 1702 3496 est,
1723 3419 1831 3479 contra
1851 3417 1885 3477 in
1908 3415 1957 3478 his
1980 3414 2086 3478 verbis

335 3535 484 3601 docemur
505 3534 544 3600 ab
567 3537 802 3620 antiquissimis
822 3537 937 3601 artium
955 3538 1160 3622 scriptoribus
1184 3538 1267 3602 solas
1298 3537 1411 3610 πίστεις
1433 3555 1504 3600 esso
1526 3538 1686 3620 tractatas,
1718 3558 1736 3599 a
1758 3533 1968 3619 sequentibus
1992 3536 2087 3599 etiam

333 3650 369 3720 τὸ
388 3662 427 3740 τῇ
449 3648 530 3731 λέξει
552 3649 727 3720 διαθέσθαι.
771 3657 812 3721 Et
834 3661 992 3742 quatenus
1015 3678 1127 3723 vorum
1156 3663 1222 3742 est,
1256 3658 1336 3722 nihil
1364 3658 1422 3722 hac
1443 3659 1476 3720 in
1499 3676 1533 3720 ro
1555 3661 1704 3738 mutatur,
1727 3658 1796 3720 sire
1818 3659 1993 3720 retinemus
2017 3658 2086 3718 sivo

333 3779 476 3842 delemus
507 3776 603 3842 verbu
628 3779 692 3861 illa,
727 3797 808 3862 quac
839 3778 989 3862 leguntur
1021 3799 1051 3842 v.
1081 3779 1193 3842 6-15.
1236 3777 1403 3843 Praeterea
1433 3778 1603 3843 dictionem
1633 3777 1815 3842 Aristotelis
1848 3779 1964 3840 totiens
1989 3777 2086 3839 nimis

333 3897 499 3964 verbosam
522 3902 554 3962 ct
574 3897 814 3982 repetitIonibus
841 3898 987 3962 refertam
1010 3917 1092 3982 esse,
1126 3902 1274 3984 quotiens
1297 3899 1393 3962 nimis
1422 3897 1551 3962 brevem
1582 3916 1775 3981 parcamque
1801 3896 1971 3961 verborum
1992 3895 2086 3959 hodie

334 4022 453 4084 scimus
477 4038 597 4084 omnes.
628 4019 671 4082 At
692 4036 756 4083 non
778 4018 880 4103 potuit
901 4020 970 4102 ipse
990 4019 1178 4084 Aristoteles
1199 4022 1243 4084 ita
1264 4023 1445 4103 pervertere
1473 4018 1650 4082 naturalem
1675 4017 1829 4100 ordinem,
1852 4021 1887 4080 ut
1905 4007 1985 4090 λέξιν
2010 4021 2083 4081 ante

332 4131 418 4213 τάξιν
441 4143 594 4203 tractaret.
639 4139 711 4220 Sed,
733 4139 764 4202 id
788 4139 872 4223 quod
896 4140 946 4204 sel
966 4137 1127 4204 Rabeus
1149 4141 1320 4206 concedere
1342 4145 1469 4204 coactns
1491 4140 1653 4222 est,idcn1
1677 4138 1822 4201 focerunt
1842 4135 2083 4201 eretorioorum

334 4259 372 4322 ad
396 4259 617 4323 Alexandrum
640 4261 783 4343 scriptor,
804 4258 888 4323 idem
911 4257 1019 4340 Stoici,
1052 4261 1133 4326 nihil
1165 4261 1262 4345 igitur
1284 4261 1434 4325 meranda
1457 4267 1506 4324 est
1527 4261 1679 4324 recedens
1702 4257 1740 4322 ab
1764 4260 1811 4322 cis
1835 4257 1982 4322 omnibus
2005 4258 2084 4321 ratio

333 4381 553 4463 posteriorum.
607 4378 679 4444 Uno
700 4381 797 4464 igItur
818 4383 1009 4466 relinquitur
1036 4381 1221 4464 difficultas,
1254 4401 1348 4466 quam
1380 4401 1492 4446 omncs
1515 4381 1616 4445 adhuc
1643 4379 1771 4442 silentio
1793 4381 2084 4462 praetermiSorunt,

338 4504 374 4563 ut
392 4499 571 4564 laudandus
593 4499 731 4583 profecto
754 4503 795 4564 sit
825 4500 999 4584 Rabeus,
1033 4503 1087 4587 qui
1107 4505 1229 4587 primus
1251 4522 1320 4566 eam
1343 4504 1504 4587 expressis
1528 4501 1634 4565 verbis
1657 4501 1814 4564 extulerit.
1860 4497 1897 4560 ln
1921 4497 2084 4560 enuntiato

335 4621 421 4684 enim
441 4621 545 4703 primo
565 4639 593 4682 v.
618 4619 636 4682 6
660 4639 728 4704 sqq.
761 4626 883 4705 praeter
912 4623 1024 4697 πίστεις
1057 4627 1088 4688 et
1107 4614 1187 4697 λέξιν
1208 4625 1304 4688 otiam
1339 4614 1422 4697 τάξις
1452 4624 1724 4704 commemoratur,
1753 4627 1862 4686 contra
1892 4641 1922 4682 v.
1956 4621 1994 4684 18
2016 4639 2084 4704 sqq.

335 4740 461 4803 ridetur
483 4740 592 4802 omitti.
637 4737 924 4807 Verumenimvero
946 4744 1009 4826 ipsi
1041 4741 1174 4807 Rebeo
1208 4763 1285 4807 num
1318 4744 1467 4808 credibile
1500 4744 1627 4808 uldetur
1657 4742 1861 4806 Aristotelem
1895 4740 2085 4806 contendero

334 4860 476 4924 voluisse
498 4858 537 4922 de
559 4859 767 4944 dispositione
789 4861 962 4926 doctrinam
983 4863 1127 4928 nondum
1150 4885 1168 4928 a
1191 4883 1352 4950 quoquam
1375 4883 1446 4930 esso
1468 4865 1650 4928 tractatam?
1673 4863 1805 4926 lIInirnc
1827 4864 1989 4946 gentium,
2011 4881 2085 4925 narn

336 4981 404 5064 ipsc
426 4977 582 5044 Rabeus
615 4985 766 5063 provocat
794 4980 924 5045 adeius
946 4981 1046 5047 rerba
1067 4982 1093 5067 I,
1116 4985 1143 5047 1.
1170 4984 1264 5049 1354ὴ
1293 4986 1331 5049 16
1355 5005 1422 5070 sqq.
1456 4979 1579 5072 φανερὸν
1612 4981 1659 5046 ὅτι
1690 4977 1732 5045 τὰ
1753 4973 1811 5056 ἔξω
1834 4971 2087 5067 τοῦπράγματος

338 5180 752 5189 μ--ῃ--ι--ψ

501 5267 549 5334 35)
568 5269 600 5322 V.
620 5285 687 5338 quse
706 5268 738 5324 de
755 5271 807 5326 hac
825 5288 852 5325 re
871 5272 973 5342 optime
991 5272 1096 5327 monuit
1113 5269 1290 5328 Dialesius
1308 5275 1326 5330 1.
1344 5275 1361 5328 l.
1380 5292 1406 5350 p.
1427 5276 1465 5332 17.
1486 5291 1511 5328 n.
1531 5275 1556 5342 5,
1575 5273 1621 5346 qui
1638 5275 1701 5344 apte
1719 5269 1795 5325 iubet
1815 5271 1964 5338 comparari
1981 5269 2089 5324 initium

338 5356 423 5430 eperIs
441 5355 492 5426 περὶ
508 5349 580 5428 ζῴων
597 5356 708 5424 γενέσεως
726 5359 790 5440 tls·
812 5363 823 5413 l
842 5375 900 5434 sqq.
