4820 5922
1242 438 1277 514 V

381 667 451 712 esse
474 649 552 728 ista,
569 649 604 710 ut
619 645 712 710 nobis
734 647 846 712 tradita
868 652 951 726 sunt,
971 668 1099 732 prorsus
1122 670 1200 714 sana
1222 649 1439 712 antecedentia
1461 648 1560 729 illel),
1582 657 1618 712 ut
1639 651 1672 712 in
1690 646 1839 712 omnibus
1854 645 1995 710 lontibus
2011 649 2134 728 praeter

385 787 484 830 unum
506 768 548 829 A⁰
566 766 705 828 codicem
729 768 884 849 optimum
897 767 1055 850 leguntur.
1099 768 1331 854 Namquodin
1362 769 1420 830 hoc
1451 769 1501 829 aad
1524 758 1700 840 Καλλιόπης
1722 768 1973 844 invenitur‚non
1998 763 2133 828 debebat

382 886 596 967 suspicionem
619 905 747 950 movere
769 883 975 951 Roemero:
999 909 1062 952 non
1086 890 1171 952 onim
1194 888 1293 952 alium
1316 887 1532 950 accusativum
1556 889 1639 950 inter
1653 887 1703 946 καὶ
1719 890 1750 948 ct
1764 875 1940 958 Καλλιόπης
1962 883 2132 965 excidisse,

382 1006 437 1068 sed
462 1007 512 1067 καὶ
533 1026 551 1068 e
573 1013 729 1090 sequente
751 1011 810 1070 καλ
833 1010 916 1073 mala
938 1011 1146 1094 dittographia
1168 1014 1269 1075 ortum
1292 1027 1363 1070 csse
1386 1007 1463 1070 satis
1486 999 1730 1090 ostenditaippn
1744 1003 1889 1086 verbum,
1912 992 2030 1088 quippe
2047 1003 2132 1086 quod

382 1127 452 1188 sine
474 1126 539 1189 ullo
562 1126 659 1190 dubio
681 1129 926 1211 comprehendat
947 1120 1077 1216 κραυγήν
1099 1133 1130 1192 et
1151 1129 1274 1198 ποίησιν.
1333 1126 1460 1210 Neque*
1476 1127 1529 1188 illa
1559 1127 1742 1209 suspicione
1776 1124 1950 1208 quidquam
1975 1125 2135 1186 lucramur

381 1245 420 1308 ad
443 1236 568 1331 ἀτόμοις
591 1247 825 1331 explicandum.

550 1364 665 1428 Contra
686 1366 770 1430 idem
801 1363 964 1430 Roemor
996 1386 1070 1430 cum
1091 1367 1123 1428 in
1148 1366 1217 1430 loco
1238 1365 1333 1448 paulo
1354 1369 1426 1448 post
1461 1365 1557 1429 14051‘
1587 1363 1715 1426 3-16*
1734 1366 1889 1446 sequente
1917 1359 1966 1421 καὶ
1998 1359 2077 1433 ὅλως
2098 1359 2133 1419 ἐκ

381 1487 443 1544 τῶν
464 1476 496 1546 εὖ
528 1482 694 1570 ᾐνιγμένων
725 1489 790 1548 ἔστι
822 1481 994 1572 μεταφορὰς
1023 1489 1125 1567 λαβεῖν
1150 1536 1157 1550 .
1180 1536 1187 1548 .
1213 1535 1219 1548 .
1243 1487 1293 1548 καὶ
1326 1479 1384 1547 ἀπὸ
1414 1487 1523 1546 ’καλῶν
1545 1535 1551 1547 .
1574 1535 1580 1546 .
1604 1534 1611 1546 .
1635 1488 1680 1546 ἔτι
1709 1476 1863 1570 δὲτρόπον
1885 1483 1928 1562 (v.
1950 1484 1983 1562 8)
2005 1504 2032 1544 κ.
2056 1503 2083 1542 π.
2105 1482 2133 1543 λ.

382 1605 557 1668 rectissime
582 1605 772 1686 „desiderari
793 1609 898 1689 ipsum
923 1607 1001 1671 illud
1023 1609 1169 1672 tertiunr“
1195 1613 1330 1685 moneat,
1365 1605 1468 1688 „qnod
1491 1605 1608 1669 diserte
1631 1604 1669 1668 ab
1694 1605 1861 1670 Aristotele
1885 1604 1944 1666 diei
1969 1598 2134 1678 debebat“,

384 1726 492 1788 nescio
515 1745 572 1788 cur
595 1747 658 1790 nen
681 1729 713 1790 in
737 1729 806 1811 ipso
826 1731 916 1792 tantu
939 1731 1011 1820 post
1032 1728 1131 1813 τρίτον
1152 1730 1294 1810 posuerit
1316 1728 1448 1791 lacunae
1471 1728 1609 1808 signum.
1654 1725 1759 1790 Verba
1780 1728 1859 1810 ipsa,
1882 1741 1963 1807 quae
1985 1719 2029 1784 ibi
2051 1720 2133 1802 peri-

386 1851 496 1927 erunt,
519 1853 687 1930 nequeunt
707 1851 892 1930 restaurari,
915 1849 971 1912 sed
1000 1851 1157 1914 sententia
1180 1868 1305 1913 eorum:
1335 1853 1360 1910 εἰ
1391 1849 1455 1908 ἔστι
1475 1845 1569 1908 πλείω
1592 1836 1755 1930 συνώνυμα,
1789 1845 1824 1904 ἐκ
1856 1848 1918 1904 τῶν
1941 1839 2133 1926 οἱκειοτέρων,

383 1967 467 2046 patet
488 1983 530 2027 ex
553 1964 683 2028 adiectis
705 1962 721 2027 ὃ
745 1957 811 2028 λόει
833 1989 861 2027 κ.
880 1990 909 2028 τ.
930 1969 960 2028 λ.

549 2082 636 2160 Quae
652 2088 796 2169 proxime
811 2087 963 2172 leguntur
979 2086 1075 2152 1405l
1100 2089 1136 2152 16
1153 2108 1222 2172 sqq.
1246 2081 1301 2162 τὰς
1323 2079 1357 2149 δὲ
1376 2079 1547 2172 μεταφορὰς
1568 2107 1595 2146 κ.
1621 2107 1648 2147 τ.
1662 2087 1690 2147 λ.
1721 2085 1796 2146 nihil
1822 2083 1895 2146 noui
1919 2083 2063 2161 afferunt,
2078 2078 2134 2142 sed

383 2206 560 2268 accuratius
583 2209 705 2268 tantum
739 2206 941 2290 distinguunt
970 2201 1011 2268 τὰ
1029 2197 1118 2285 καλά,
1152 2226 1169 2270 e
1204 2205 1322 2290 quibus
1346 2206 1579 2288 depromendae
1606 2208 1682 2268 sunt
1711 2204 1947 2266 translationes:
1981 2219 2071 2284 erge,
2104 2201 2136 2261 ni

383 2322 482 2404 fallor,
504 2329 589 2388 recte
611 2325 704 2388 vertit
726 2323 956 2388 Knebelius
981 2326 1085 2408 ‚‚also“
1108 2329 1139 2388 et
1162 2327 1209 2388 sie
1230 2328 1323 2389 tacite
1345 2329 1480 2390 coniecit
1502 2318 1550 2395 dh.

552 2439 589 2504 ln
607 2444 709 2524 capite
732 2444 848 2506 tertio
873 2443 969 2508 1406*
1002 2444 1041 2506 14
1063 2461 1131 2529 sqq.
1156 2448 1201 2508 sic
1225 2445 1424 2510 emendanda
1447 2451 1495 2510 est
1517 2445 1746 2528 interpunctio:
1771 2443 1863 2504 ἐστίν·
1888 2441 2013 2503 ἐπεὶ-
2036 2435 2136 2512 αὐτοῖς

383 2549 579 2641 (ἐξαλλάττει
602 2597 638 2606 --
662 2552 763 2641 λέξιν),
787 2555 866 2623 ἀλλὰ
889 2563 1020 2650 μετρίου·
1056 2565 1118 2626 ἐπεὶ
1141 2587 1169 2627 κ.
1192 2588 1221 2626 τ.
1243 2567 1272 2626 λ.
1317 2563 1462 2630 Ceterum
1495 2585 1566 2629 cum
1590 2563 1784 2629 Roemero
1819 2567 1850 2626 et
1882 2559 2134 2642 Schuetzio⁵)

386 2679 483 2744 rerba
508 2681 603 2743 1406*
632 2681 728 2744 3-5
759 2675 959 2769 ἡμεταφυρὰ
995 2721 1032 2730 -
1067 2687 1180 2770 εἴρηται
1212 2683 1251 2747 ab
1282 2687 1451 2750 Aristotele
1475 2684 1732 2750 abiudioantibus
1763 2693 1888 2746 etcum
1922 2679 2136 2744 Schuetzio

383 2803 561 2882 consentio,
585 2803 638 2884 qui
663 2801 759 2865 simul
781 2806 954 2885 genuinam
973 2803 1012 2866 do
1034 2805 1181 2887 epithetis
1204 2805 1457 2870 observationem
1481 2807 1538 2869 hoe
1561 2806 1630 2870 loco
1652 2806 1785 2888 periisse
1807 2805 1903 2885 putat.

555 2919 695 2984 Omnino
717 2931 801 2986 recte
824 2928 896 3004 post
917 2921 949 2986 Ε.
973 2925 1011 2986 A.
1033 2921 1217 2988 Wolfium
1241 2927 1334 2990 etiam
1359 2925 1603 3009 Dielesius⁶)
1633 2925 1787 2990 iudicauit
1808 2926 1840 2986 in
1873 2925 1936 2985 toto
1964 2922 2022 2983 hoe
2044 2919 2134 2980 tertio

383 3039 623 3104 Rhetoricorum
645 3041 725 3104 libro
747 3044 885 3106 criticam
909 3048 1008 3107 artem
1035 3046 1174 3109 maxime
1196 3049 1228 3109 in
1252 3047 1475 3129 expungendis
1498 3046 1604 3110 verbis
1626 3046 1822 3129 interpolatis
1846 3043 1986 3107 laborare
2009 3024 2134 3118 debere,

385 3165 521 3224 attamen
545 3161 638 3224 debet
660 3163 754 3224 etiam
778 3164 810 3224 in
832 3163 956 3227 lacunis
977 3165 1171 3248 detegendis.
1217 3165 1391 3250 Utriusque
1413 3169 1550 3251 generis
1572 3173 1606 3230 ut
1629 3187 1714 3230 nune
1736 3185 1788 3229 me
1812 3169 1930 3228 vertam
1947 3162 1986 3226 ad
2001 3160 2132 3224 alteram

382 3281 502 3364 primae
523 3281 611 3344 illius
635 3282 805 3364 particulae
827 3284 1015 3361 membrum,
1048 3287 1125 3349 sitia
1147 3288 1268 3368 insunt,
1301 3290 1362 3351 nisi
1385 3288 1484 3368 l'allor,
1517 3289 1672 3372 incapite
1705 3289 1854 3370 quinto.
1899 3283 2014 3348 hlirum
2037 3283 2134 3362 eninr,

382 3400 504 3486 siquid
530 3401 636 3484 video,
659 3411 707 3466 est
729 3405 910 3488 exemplum
937 3405 1032 3468 1407*
1059 3405 1192 3470 26-30
1215 3401 1277 3491 ἐγὼ
1300 3398 1340 3484 δ’,
1363 3407 1426 3468 ἐπεί
1448 3429 1499 3490 μοι
1520 3403 1599 3468 εἶπεν
1620 3398 1712 3486 (ἦλθε
1730 3403 1786 3492 γάρ
1809 3405 1919 3468 Κλέων
1939 3393 2078 3490 δεόμενός
2095 3423 2130 3464 τε

364 3521 430 3582 ’καὶ
452 3511 555 3603 ἀξιῶν)
578 3513 762 3608 ἐπορευόμην
782 3521 965 3610 παραλαβὼν
988 3515 1108 3599 αὐτούς.
1132 3526 1162 3586 ἐν
1176 3516 1295 3600 τούτοις
1316 3520 1372 3611 ²hp
1394 3528 1501 3588 πολλοὶ
1522 3520 1577 3612 πρὸ
1599 3531 1656 3588 τοῦ
1677 3519 1946 3610 ἀποδοθησομένου
1971 3515 2133 3600 συνδέσμου

380 3641 642 3727 προεμβέβληντοιι
665 3635 835 3729 σύνδεσμοι·
864 3638 915 3706 ἐὰν
936 3636 971 3706 δὲ
992 3639 1070 3707 πολὺ
1090 3640 1126 3708 τό
1150 3637 1264 3730 μεταξὺ
1285 3645 1409 3731 γένηται
1429 3649 1483 3707 τοῦ
1508 3635 1696 3732 ἐπορευόμην,
1719 3644 1842 3732 ἀσαφές,
1865 3665 1938 3710 nam
1955 3634 2135 3730 ἐπορευόμην

381 3768 429 3824 est
451 3765 530 3847 μ’ῆμιι
553 3783 626 3826 com
648 3753 774 3847 ὀνόματι
787 3763 810 3844 ἲ)
832 3769 864 3826 et
887 3756 1040 3850 συνδέσμῳ
1063 3766 1324 3830 antecedentibus
1347 3760 1421 3850 (ἐγὼ
1445 3757 1487 3848 δ)
1510 3767 1682 3830 cohaerens
1698 3767 1770 3830 aliis
1784 3757 1954 3851 ουνδέσμοις
1977 3767 2072 3828 nimis
2095 3763 2134 3828 ab

381 3884 428 3945 eis
450 3895 640 3966 separatum,
663 3905 734 3948 non
759 3875 920 3969 οόνδεομος
942 3885 1020 3950 alter
1042 3889 1138 3969 priori
1161 3889 1206 3950 illi
1229 3887 1437 3970 respondem,
1461 3893 1495 3949 ut
1516 3889 1548 3949 in
1563 3886 1720 3970 exemplis
1743 3891 1835 3950 antea
1857 3907 1886 3948 v.
1904 3885 1944 3948 22
1967 3905 2013 3970 sq.
2036 3887 2139 3949 allatis

382 4001 436 4088 μὲν
457 4007 677 4068 coniunctioni
702 3997 737 4066 δὲ
769 4005 940 4087 respondet
972 4008 1162 4070 coniunctio.
1207 4007 1342 4072 Prorsus
1378 4009 1462 4072 aliud
1496 4009 1592 4092 igitur
1625 4009 1811 4090 exemplum
1844 4009 2011 4090 requirunt
2042 4005 2138 4070 verba

380 4124 419 4184 25
442 4143 486 4207 sq.
510 4115 590 4208 μήτε
612 4115 776 4209 οόνδεομον
808 4119 863 4210 πρὸ
897 4116 1060 4210 συνδέσμου
1094 4119 1270 4190 ἀποδιδόναι
1301 4133 1356 4190 τοῦ
1390 4125 1562 4212 ιἰνοιγηοιίου,
1597 4125 1687 4190 verbi
1709 4145 1805 4190 causa
1824 4127 1885 4190 tale
1908 4125 1996 4210 quid,
2017 4127 2050 4188 in
2075 4145 2137 4208 quo

382 4249 451 4328 pest
466 4244 520 4329 μέν
534 4251 685 4310 secuntur
700 4247 763 4310 duo
778 4237 822 4322 δέ,
838 4265 971 4328 querum
987 4248 1144 4330 posterius
1167 4249 1294 4312 demum
1310 4249 1387 4310 illud
1404 4249 1530 4331 exeipit.
1576 4246 1773 4311 Sccludenda
1788 4247 1883 4330 igitur
1897 4247 1975 4309 mibi
1991 4245 2138 4308 videntur

548 4499 578 4566 4)
597 4498 675 4554 Haud
693 4503 765 4554 recte
784 4499 972 4554 Knebelius
999 4494 1138 4554 verbalia
1156 4495 1188 4570 μὴ
1208 4497 1288 4561 {triac
1306 4492 1321 4572 ᾖ
1342 4503 1429 4570 σημεῖα
1447 4500 1528 4570 φωνῆς
1546 4499 1634 4554 reddit
1651 4501 1703 4554 aie:
1742 4518 1836 4565 „wenn
1861 4501 1904 4555 dia
1927 4500 2082 4554 Ausdrtche
2106 4515 2138 4552 zu

382 4585 449 4650 areli
467 4601 553 4654 gegen
572 4586 700 4640 einander
718 4587 880 4642 abstechen“
908 4593 935 4642 et
953 4587 1065 4642 adnotat
1083 4589 1162 4643 haee:
1190 4589 1258 4653 „Dia
1278 4589 1477 4656 Uebarsetzung
1495 4587 1570 4655 giebt
1597 4585 1646 4642 den
1666 4587 1732 4642 Sinn
1751 4587 1855 4653 wieder,
1884 4589 2001 4642 walchen
2020 4586 2065 4641 der
2086 4587 2137 4640 Zu-

383 4673 577 4742 sammenhang
602 4673 711 4728 sordert.
748 4674 802 4728 Der
819 4675 986 4744 griechisehe
1005 4673 1073 4728 Text
1090 4674 1127 4728 iat
1144 4674 1203 4728 hier
1220 4674 1377 4729 schwerlich
1396 4677 1465 4730 ohne
1479 4674 1651 4729 Verderbniss
1670 4675 1715 4728 aul
1733 4691 1782 4728 uus
1797 4676 1967 4744 gakommen:
1986 4674 2057 4727 dieas
2076 4673 2139 4726 abar

383 4758 465 4811 nither
483 4775 515 4812 zu
533 4758 693 4815 bezeichnen
710 4761 772 4816 oder
791 4777 839 4830 gar
853 4778 884 4814 zu
904 4761 1000 4824 hellen,
1019 4761 1086 4829 geht
1102 4761 1203 4815 dermsl
1221 4761 1285 4816 tiber
1302 4779 1382 4816 unser
1399 4763 1575 4831 Vermbgon¹·.

550 4847 577 4910 t)
596 4847 692 4900 Annal.
713 4847 805 4916 philol.
825 4846 986 4901 cxxxvn.
1007 4847 1081 4901 1888.
1099 4865 1125 4918 p.
1144 4849 1194 4903 692
1215 4866 1253 4919 sq.

547 4935 578 5000 li)
598 4935 684 4990 Ueber
702 4935 749 4988 das
769 4935 792 4989 3.
813 4934 889 4988 Bueh
910 4933 956 4988 der
973 4935 1078 4990 aristot.
1096 4935 1186 4998 suet..
1205 4937 1291 4991 Berol.
1320 4938 1385 4992 1886
1405 4939 1522 5006 (Cemm.
1539 4936 1612 4992 acad.
1635 4937 1739 5003 Berol.)
1757 4953 1783 5006 p.
1803 4937 1831 4991 7:
1860 4937 1927 4998 „Die
1956 4935 2085 4989 Rhetorilr
2104 4934 2140 4986 ist

383 5021 669 5076 enerlranntermassen
687 5021 771 5076 dnreh
790 5020 1033 5090 interpretamenta
1051 5039 1086 5077 an
1105 5023 1190 5078 rielen
1214 5025 1315 5080 Stellen
1334 5025 1529 5094 interpelleret
1566 5025 1650 5079 Addit
1667 5025 1695 5078 in
1714 5041 1740 5078 n.
1761 5025 1794 5078 1:
1823 5023 1931 5082 ..Schon
1948 5023 1979 5076 F.
2002 5025 2033 5076 λ.
2055 5019 2146 5074 Wolf

386 5110 524 5162 erwartete
543 5107 585 5162 die
604 5109 771 5178 Haupthillle
791 5108 894 5163 surdis
914 5109 1044 5164 Rhetorilr
1063 5127 1114 5164 von
1133 5111 1179 5164 der
1198 5113 1311 5162 deletrix
1330 5115 1428 5164 crin'ca.
1464 5113 1517 5166 Mir
1534 5113 1640 5167 schaint
1658 5111 1695 5165 im
1713 5111 1737 5163 3.
1752 5111 1783 5165 B.
1803 5109 1873 5166 noch
1887 5110 2014 5163 manebas
2029 5107 2076 5161 der
2093 5107 2144 5160 Art

384 5195 511 5262 beseitigt
531 5193 634 5249 werden
654 5211 686 5248 zu
704 5200 810 5250 mtissen
829 5199 898 5250 etc.“
935 5197 1083 5265 (Secuntur
1095 5201 1237 5268 exempla).

551 5281 582 5348 7)
595 5281 827 5421 Nenardpronoman
847 5299 863 5336 a
881 5285 988 5338 nomine
1005 5285 1122 5340 nondum
1141 5288 1275 5356 separarit
1293 5289 1464 5352 Aristotelea,
1483 5287 1516 5340 el.
1536 5285 1718 5340 Sneemihl.
1737 5285 1850 5340 Aristot.
1870 5281 1951 5350 iibfid.
1965 5281 2145 5338 Diebtkonst⁸

385 5386 411 5439 p.
430 5369 489 5424 271.
509 5385 534 5422 n.
552 5369 610 5422 230.
630 5369 645 5422 9
665 5371 688 5423 ¹.
1413 5385 1418 5400 ·
