4820 5922
1037 384 1279 460 ..15-

271 601 382 681 Neque
396 601 517 676 dubito,
537 617 607 661 curn
624 595 740 672 1264·‚
765 594 806 660 10
827 597 1005 660 Guilelmus
1021 598 1136 661 bsbest
1150 601 1385 682 ‚,municipes“‚
1409 603 1483 681 quin
1498 599 1663 679 πολίιας
1682 623 1793 668 revers
1814 607 1853 668 sb
1869 607 2039 671 Aristotele

271 721 433 802 scriptum,
455 714 637 804 φύλακας
660 736 698 778 er
721 716 988 797 interpretatione
1003 717 1169 796 msrgiosli
1189 725 1292 780 ortum
1313 720 1366 781 sit.
1410 721 1474 783 Sed
1489 723 1564 802 quid
1586 723 1627 785 de
1645 725 1749 786 verbis
1771 725 1864 805 poulo
1879 725 2038 805 prioribus

269 834 314 920 μὴ
330 834 465 923 μερίζων
485 831 570 902 αὐτὰ
590 830 649 902 mi
668 830 816 918 χωρίζων
836 834 869 912 (i.
892 831 925 911 7)
947 837 1102 912 sentium,
1128 838 1198 920 ipse
1219 840 1336 905 nescio.
1379 839 1457 902 Nom
1484 843 1615 904 minoris
1646 843 1772 923 quidem
1798 847 1949 906 momenti
1974 854 2035 920 ιιι,

272 958 364 1035 quod,
386 963 490 1017 utrum
512 957 545 1018 in
567 955 727 1017 codicibus
747 973 872 1034 quoque
893 953 980 1014 ΡΜ·
998 952 1085 1021 αὐτὰ
1107 976 1146 1018 sn
1169 957 1201 1018 iu
1224 958 1273 1018 bis
1292 953 1401 1022 adroic
1424 960 1584 1022 invenerit
1606 961 1802 1041 Hilsrlns,
1825 981 1843 1024 ι
1865 965 1950 1025 uotis
1970 966 2039 1026 eius

271 1095 333 1138 non
355 1079 430 1136 setis
445 1083 587 1156 sppsret,
613 1076 669 1145 sed
691 1094 733 1138 ne
746 1077 815 1136 sinc
835 1075 899 1136 uiis
914 1075 1113 1137 uubiuoione
1128 1072 1284 1152 adroic
1306 1079 1489 1156 scribemus,
1512 1081 1594 1159 quod
1606 1081 1748 1143 coniecit
1760 1082 2038 1164 Boeckcrusw)

272 1201 472 1275 prseststque
499 1194 583 1257 bsud
611 1195 705 1258 dubie
733 1195 947 1257 emendetioni
973 1190 1101 1274 αὖιὴν
1128 1196 1161 1256 in
1186 1195 1336 1258 (iniieimi
1357 1200 1503 1260 versione
1523 1200 1624 1281 qusiis
1641 1199 1760 1281 iegitur
1780 1200 1864 1281 spud
1886 1201 2039 1264 Tbomsm

271 1313 457 1394 Aquinatem
481 1313 571 1374 obsis
593 1310 759 1396 („ipssm
780 1315 972 1394 psrtieus“)‚
994 1315 1129 1395 impedit
1148 1323 1321 1378 monstrum
1343 1317 1424 1379 iliud
1446 1319 1611 1394 versionis,
1634 1320 1716 1399 quod
1740 1321 1773 1381 iu
1796 1321 1937 1383 editione
1957 1321 2038 1383 Goi-

271 1433 358 1494 ieimi
379 1452 397 1493 ι
418 1453 453 1495 ιι
475 1432 591 1494 ιοΙΙιιι
618 1431 741 1494 invenit
761 1431 1054 1496 Schneidcrus:
1081 1436 1250 1515 „partiens
1278 1441 1492 1517 temporeo.
1536 1439 1631 1500 Aliud
1654 1439 1729 1520 quid
1755 1439 1853 1520 igitur
1874 1441 1932 1503 sub
1951 1431 2038 1506 edroi

273 1552 372 1614 intere
401 1550 603 1613 menifestum
631 1551 773 1628 videtur,
802 1552 860 1614 sed
890 1552 963 1633 quid
985 1554 1057 1634 ipse
1086 1552 1203 1633 legerit
1223 1555 1323 1616 bouus
1343 1555 1531 1633 morsellus,
1557 1576 1598 1618 ue
1622 1557 1779 1638 Oedipum
1804 1558 1931 1639 quidem
1959 1567 2037 1640 puto

272 1678 604 1746 suessionensem,
634 1671 697 1732 uisi
719 1669 854 1733 iortssse
884 1672 952 1753 ipss
980 1673 1049 1734 eins
1075 1674 1168 1733 verbs
1194 1680 1341 1754 corrupta
1361 1687 1438 1736 sunt
1468 1682 1502 1738 et
1523 1676 1649 1738 codices
1671 1677 1739 1739 eius
1764 1677 2037 1758 interpretationis

273 1791 479 1872 manuscripti
510 1789 640 1850 meliors
677 1790 839 1869 prsebent.
886 1789 991 1853 Possis
1025 1792 1110 1853 enim
1142 1792 1308 1868 borioisri,
1340 1813 1400 1874 pro
1427 1799 1615 1875 „tempors“
1646 1797 1685 1858 sb
1711 1815 1749 1858 eo
1779 1796 1934 1877 scriptum
1967 1817 2037 1860 esse

274 1911 438 1989 „eodem
461 1910 647 1990 tempore“‚
680 1916 715 1969 ut
737 1928 794 1988 pro
812 1905 899 1974 αὐιὰ
920 1909 1037 1992 legerit
1058 1902 1130 1995 dipsa
1155 1912 1205 1974 vei
1232 1909 1268 1976 iu
1288 1911 1333 1995 ιῷ
1350 1909 1448 1994 edroi.
1491 1913 1602 1994 Neque
1630 1916 1734 1976 minus
1763 1935 1817 1976 res
1837 1917 1960 1978 incerte
1986 1925 2037 1980 est

275 2031 315 2094 de
337 2030 440 2091 verbis
460 2020 535 2111 ὅπερ
559 2023 617 2093 καὶ
638 2024 701 2092 νῦν
721 2025 754 2090 oi
770 2025 1018 2112 Λακεδαιμόνιοι
1041 2033 1140 2093 ποιεῖν
1161 2027 1374 2114 ἐπιχειροῦσιν
1396 2029 1435 2114 (Ι.
1457 2027 1498 2092 10
1518 2030 1599 2116 ιι),
1622 2032 1654 2092 in
1677 2034 1790 2113 quibus
1809 2031 1872 2098 νῦν
1893 2034 1974 2096 msie
1996 2036 2036 2095 de

275 2158 416 2230 tempore
436 2148 639 2227 intellegunt,
662 2165 725 2226 quo
746 2147 864 2210 fectum
886 2154 946 2224 est,
968 2155 1004 2210 ut
1022 2147 1228 2212 Victorius
1250 2167 1363 2210 novom
1385 2169 1449 2212 non
1471 2157 1561 2212 votus
1583 2151 1763 2214 institutum
1786 2151 1921 2215 ciritstis
1934 2152 2029 2214 buco-

273 2269 363 2331 nicse
384 2269 445 2329 boo
463 2263 508 2352 μὴ
533 2269 689 2353 γεωργεῖν
711 2262 785 2342 rode
800 2262 930 2342 πολῖιας
943 2267 1042 2330 fuisse
1059 2268 1261 2330 Aristotelem
1279 2267 1438 2330 sitirmsre
1457 2271 1613 2346 crederet,
1635 2272 1904 2335 Schneideros
1926 2281 2036 2334 contro

274 2410 321 2464 ιι,
346 2387 584 2469 (iipbsuium
612 2392 754 2461 secutus,
783 2387 923 2470 diceret,
950 2407 970 2450 ι
995 2385 1184 2468 pbilosopbo
1211 2387 1304 2450 etism
1332 2388 1381 2448 sui
1408 2391 1561 2471 temporis
1589 2389 1845 2453 Lacedaemoniis
1875 2391 2036 2455 retinendi

273 2509 360 2571 lilius
382 2506 522 2570 instituti
537 2506 676 2568 studium
692 2505 800 2580 tribui,
822 2506 879 2566 sed
894 2505 1032 2567 studium
1053 2512 1174 2569 tuntum
1195 2503 1448 2590 (ἐπιχειροῦσιν),
1469 2509 1530 2569 ism
1546 2509 1632 2570 euim
1648 2527 1703 2570 eos
1722 2509 1867 2590 coepisse
1888 2527 1906 2568 ι
1928 2515 2037 2572 vetere

275 2647 364 2691 more
385 2627 581 2699 desciscere,
602 2625 658 2687 sed
680 2625 707 2686 sl
729 2625 791 2686 boc
812 2624 1001 2686 Aristoteles
1022 2625 1184 2701 voluisset,
1206 2625 1374 2688 dicendum
1396 2626 1427 2688 ei
1447 2626 1510 2688 iuit
1530 2646 1593 2688 noo
1623 2621 1681 2692 mi
1703 2624 1765 2692 νῦν
1786 2647 1892 2690 rerum
1914 2620 1958 2693 irc
1978 2623 2035 2694 καὶ

274 2747 346 2814 οὖν.
389 2747 476 2826 Quse
496 2763 567 2808 eum
594 2745 638 2805 its
658 2743 738 2816 sint,
771 2745 832 2806 siin
857 2743 1034 2824 explicsndi
1056 2745 1138 2806 rstio
1167 2744 1326 2825 probsuds
1345 2764 1448 2824 neque
1473 2746 1567 2807 nimis
1590 2747 1685 2827 longe
1714 2765 1751 2808 en
1771 2748 1949 2826 qurereuds
1975 2755 2034 2810 est.

274 2864 344 2933 Νῦν
365 2865 451 2930 enim
472 2863 653 2944 saepissime
676 2862 708 2924 id
729 2862 888 2942 significet
910 2863 993 2943 quod
1016 2882 1125 2924 revers
1146 2870 1246 2926 ertstr
1276 2865 1383 2944 iisque
1405 2858 1464 2930 καὶ
1485 2863 1546 2929 νῦν
1575 2872 1624 2926 ιιι
1645 2873 1786 2928 nostrum
1813 2866 1917 2944 „sucb
1938 2867 2034 2928 wirl-

276 2986 363 3048 iieb“
383 2984 448 3046 sive
469 2982 570 3056 ‚.sueb
591 2984 624 3044 in
647 2983 705 3044 der
729 2981 982 3043 Wirllioisleit.“
1026 2981 1091 3045 Sed
1122 2983 1197 3063 quid
1216 2984 1278 3044 sibi
1298 2985 1376 3045 velit
1399 2984 1477 3046 iliud
1499 2988 1599 3049 ποιεῖν
1625 2984 1859 3071 ἐπιχειροῦσιν,
1885 3005 1944 3067 pro
1972 3005 2034 3068 quo

277 3113 441 3187 exspectes
461 3103 625 3178 ποιοῦσιν,
648 3103 687 3164 de
708 3102 767 3164 bse
787 3121 823 3164 re
845 3121 895 3163 me
918 3120 1042 3182 quoque
1063 3102 1096 3162 ln
1117 3101 1189 3164 ultis
1210 3104 1353 3166 tenebris
1373 3106 1491 3166 verssri
1512 3104 1652 3185 ingenue
1668 3105 1781 3179 isteor‚
1803 3113 1837 3167 et
1858 3123 1959 3186 poene
1976 3106 2035 3168 sd·

277 3227 375 3289 ducor
395 3223 434 3285 sd
455 3220 687 3302 semicrudum,
709 3220 787 3284 bsec
810 3240 933 3302 quoque
955 3223 1049 3284 verbs
1069 3241 1133 3284 non
1157 3240 1226 3284 esse
1247 3241 1334 3298 ιιοι,
1357 3223 1424 3286 sire
1445 3224 1623 3287 exciderint
1643 3225 1714 3288 fere
1735 3225 1814 3288 brec
1835 3222 1963 3290 ποιοῦσι
1976 3220 2034 3290 mi

275 3335 368 3410 «iiior
390 3336 471 3418 eruic
493 3347 568 3404 suto
589 3343 687 3404 xorsiir
706 3340 773 3402 sire
793 3341 880 3403 eliud
903 3341 1051 3404 mendum
1071 3341 1158 3406 insit

441 3461 490 3524 Ab
512 3461 562 3522 bis
583 3461 758 3541 desperetis
780 3459 859 3522 locis
879 3461 1020 3523 libenter
1039 3462 1079 3522 sd
1100 3461 1195 3523 olium
1216 3480 1267 3524 me
1289 3469 1379 3523 verto
1407 3458 1522 3537 leoli,
1549 3457 1675 3526 17-19
1693 3458 1859 3528 ἀδύνοιον
1873 3457 1908 3528 di
1928 3459 2033 3528 eddor-

274 3585 385 3670 μονεῖν
404 3573 482 3660 ὅλην
502 3574 547 3665 μὴ
569 3577 631 3643 τῶν
652 3573 806 3644 «ieiunos
827 3567 847 3660 ii
867 3574 912 3662 μὴ
933 3576 1063 3646 ociosos
1081 3577 1189 3665 μεροῖν
1207 3569 1226 3660 ip
1244 3579 1340 3645 ιινῶν
1361 3576 1504 3661 ε’χόνιων
1524 3574 1581 3658 τὴν
1601 3577 1827 3666 ιύδοιμονίαν,
1853 3582 1905 3644 cui
1930 3600 2033 3646 rerem

276 3701 429 3766 medelum
450 3699 594 3760 invenire
613 3698 697 3760 bsud
718 3699 763 3759 its
781 3697 914 3762 difficile
935 3699 1014 3761 mibi
1033 3699 1168 3762 videtur.
1209 3699 1279 3760 Non
1302 3701 1385 3761 enim
1401 3693 1658 3781 liojeseni⁸¹)‚
1681 3700 1734 3780 qui
1756 3708 1844 3762 recte
1865 3701 1944 3762 vidit
1967 3702 2034 3762 sois

236 3889 247 3918 ο
276 3821 431 3887 Victori
451 3817 675 3881 emendatione
695 3812 785 3900 εἰμὴ
808 3817 869 3880 ioci
890 3819 1108 3900 integritstem
1130 3818 1268 3881 nondum
1291 3837 1361 3880 esse
1376 3817 1565 3891 restitutum,
1586 3818 1679 3886 nimis
1702 3819 1840 3880 violento
1860 3821 2033 3882 montione

278 3940 321 4026 μὴ
339 3935 468 4006 sciuros
488 3925 508 4016 ἢ
529 3931 573 4021 μὴ
593 3933 656 4000 τῶν
666 3933 819 4002 πιιίσιινν
838 3934 945 4022 poprie
968 3927 1002 4025 [ἢ
1024 3930 1133 4027 πινῶν]
1156 3955 1294 4019 egemus,
1318 3937 1374 3999 sed
1389 3935 1509 3998 suilioit
1530 3943 1659 4017 recepte
1674 3936 1830 3999 Victori
1853 3943 2033 4000 conectere

279 4060 381 4122 verbis
401 4057 429 4122 si
447 4054 493 4141 μῆ
511 4050 640 4119 πάντων
661 4053 849 4136 postmodo
870 4056 979 4118 sedem
1000 4056 1155 4118 tribueres
1177 4051 1248 4120 τινὰ
1267 4052 1346 4138 μέρη
1368 4061 1443 4116 suut
1463 4055 1719 4136 provissimse
1741 4061 1857 4137 psrtes.

446 4173 480 4236 iu
503 4175 607 4256 cupito
629 4181 759 4250 serto,
780 4175 813 4235 iu
837 4194 898 4254 quo
920 4175 961 4239 de
978 4174 1117 4238 Plutonis
1140 4174 1246 4256 legum
1268 4174 1357 4236 libris
1378 4175 1454 4254 spii,
1475 4182 1605 4237 senstos
1625 4174 1764 4256 eligendi
1786 4175 1940 4237 rstionem
1957 4173 2033 4238 l’in·

277 4299 348 4361 toni
368 4295 529 4376 probstsm
550 4294 601 4354 bis
621 4293 725 4356 serbis
747 4293 899 4356 describit
919 4295 1107 4357 Aristoteles
1129 4291 1247 4373 lesos,
1271 4289 1413 4356 14-182
1435 4289 1650 4378 ὀλιγαρχικὴν
1669 4287 1804 4360 roscidi
1823 4288 1882 4359 καὶ
1902 4288 1958 4374 ripe
1979 4292 2033 4374 ιῆι

278 4414 396 4504 βουλῆς
416 4405 554 4498 αἵρεσιν·
573 4411 739 4497 αἱροῦνται
752 4407 814 4498 μιν
833 4408 901 4499 γὰρ
921 4411 1037 4488 πάντες
1057 4410 1250 4500 ἐπάναγκες,
1273 4408 1342 4478 ἀλλ’
1362 4409 1400 4478 iss
1421 4409 1478 4476 ιοῧ
1497 4391 1622 4496 πρώιον
1643 4407 1826 4497 ιιμῆμαιος,
1848 4403 1917 4478 cisa
1936 4409 2033 4478 πάλιν

279 4526 371 4608 i'uouc
389 4531 428 4598 iss
449 4525 509 4597 ιοῧ
525 4527 688 4616 δενιὲρου,
716 4521 765 4598 sbi
793 4530 832 4597 ἐιι
856 4529 919 4597 τῶν
939 4526 1066 4616 epiros·
1094 4526 1175 4612 πλὴν
1197 4527 1237 4596 od
1258 4527 1359 4596 πᾶσιν
1378 4517 1624 4617 ὶπάναιγκεςῆν
1651 4535 1714 4608 τοῖς
1734 4530 1774 4598 ἐκ
1798 4529 1862 4598 reio
1882 4521 2032 4616 ιρίιωνῆ

277 4649 443 4738 ιιιᾶριων,
464 4649 503 4716 iss
521 4648 561 4718 di
579 4649 636 4716 ιοῧ
657 4645 807 4733 rsroiprov
825 4647 890 4715 τῶν
907 4646 1063 4736 ιιιάριων
1075 4648 1187 4735 μόνοις
1206 4647 1390 4736 ἐπάναγκες
1411 4653 1475 4726 τοῖς
1494 4646 1626 4734 πρώτοις
1645 4645 1703 4716 noi
1723 4653 1788 4726 ιοῒο
1807 4647 1972 4736 διυιίροιρ,
1992 4653 2032 4714 de

278 4773 390 4853 quibus
412 4770 616 4834 emendsudis
638 4769 757 4851 optime
780 4788 883 4850 nuper
904 4771 1034 4834 meritus
1057 4777 1107 4834 ιιι
1128 4766 1465 4852 (icettliogiw’),
1485 4770 1608 4851 priores
1623 4789 1713 4846 ιοιι,
1737 4789 1813 4851 quse
1827 4771 1860 4834 in
1882 4771 2031 4836 editionis

444 5076 491 5143 bo)
509 5075 541 5130 L.
559 5077 578 5128 i.
597 5093 622 5144 p.
642 5083 700 5130 bn.
719 5087 742 5132 b.

443 5163 490 5226 el)
507 5163 539 5215 11·
552 5164 569 5216 i.
588 5179 612 5230 p.
630 5168 660 5215 si
681 5179 718 5235 sq.

444 5249 491 5313 ιι)
511 5249 715 5305 commentorioi.
734 5255 766 5306 de
783 5255 928 5308 Aristotelis
945 5255 1104 5322 politicorum
1122 5255 1180 5306 ioco
1198 5254 1233 5314 11,
1252 5263 1275 5306 ι.
1294 5257 1352 5308 deu.
1375 5261 1448 5309 tubo.
1466 5259 1490 5308 t.
