4850 5918
1170 489 1222 561 IX

1089 586 1301 598 -n-——u

346 717 504 784 Cratinus
527 717 701 803 acriorque
724 727 846 801 πρῶτον
869 715 908 780 τὰ
931 716 964 780 ἐν
987 725 1025 800 τῇ
1056 713 1206 799 κωμῳδίᾳ
1237 713 1391 798 πρόσωπα
1424 709 1513 796 μέχρι
1542 719 1643 795 τριῶν,
1676 707 1793 793 στήσας
1825 709 1881 792 τὴν
1913 705 2049 788 ἀταξίαν,

346 841 426 908 nihil
449 841 596 926 amplius
619 839 812 927 significare
835 856 922 923 puto
945 837 1007 903 nisi
1030 837 1111 942 hoc:
1145 837 1293 902 nondum
1317 837 1364 900 ita
1388 835 1545 900 ordinata
1570 848 1643 898 erat
1676 849 1793 898 mutua
1828 853 2051 916 personarum

345 967 443 1046 ratic,
468 982 506 1031 ut
529 965 686 1030 definitus
710 985 787 1030 esse
810 979 930 1048 posset
953 962 1153 1027 histrionum
1178 982 1337 1026 numerus
1353 974 1431 1024 ante
1447 957 1633 1038 Cratinum,
1650 958 1754 1022 immo
1771 958 1877 1022 modo
1894 957 2051 1042 pluribus

346 1091 539 1169 utebantur,
565 1091 669 1154 modo
692 1087 923 1173 paucioribus,
948 1086 1107 1152 Cratinus
1128 1107 1225 1165 vero,
1250 1085 1312 1150 etsi
1330 1100 1363 1149 et
1380 1085 1455 1168 ipse
1471 1083 1578 1167 paulo
1601 1081 1747 1148 solutior
1762 1098 1846 1162 erat,
1870 1083 1916 1148 ita
1940 1098 2052 1148 tamen

346 1217 512 1283 rationem
536 1214 627 1281 illam
651 1214 830 1293 ordinavit,
860 1211 896 1278 ut
919 1214 964 1278 ad
988 1211 1150 1277 unitatem
1183 1211 1355 1294 quandam
1388 1207 1530 1310 actionis
1558 1223 1720 1294 vergeret
1754 1224 1789 1273 et
1821 1209 1974 1273 coerceri
2006 1209 2051 1273 ab
2104 1227 2110 1238 ·

348 1363 391 1406 eo
415 1356 535 1426 posset
559 1355 713 1406 actorum
737 1360 897 1404 numerus
920 1337 1167 1403 ordinariorum
1192 1356 1303 1421 usque
1327 1336 1370 1398 ad
1395 1349 1476 1398 tres.
1522 1331 1669 1398 Omnino
1689 1333 1794 1419 igitur
1817 1353 1881 1397 non
1905 1333 1953 1398 ita
1975 1348 2052 1398 sunt

347 1487 426 1531 cum
449 1447 779 1550 Poppelreutero
803 1463 902 1529 huius
925 1461 1102 1546 scriptoris
1125 1460 1234 1527 verba
1258 1459 1454 1544 premenda,
1479 1458 1578 1541 quasi
1593 1459 1766 1542 sapienter
1784 1458 2053 1540 unumquodque

347 1611 466 1656 eorum
489 1610 605 1656 secum
629 1587 855 1654 deliberasset
877 1601 1040 1652 accurata
1063 1583 1303 1670 Aristophanis
1327 1599 1361 1648 et
1378 1583 1506 1647 Cratini
1523 1583 1779 1647 comoediarum
1796 1585 2052 1667 comparatione

348 1718 452 1781 lacta:
476 1715 579 1780 immo
604 1730 641 1779 ut
664 1713 828 1779 ariolatus
852 1728 905 1778 est
928 1714 973 1776 de
1001 1731 1143 1776 numero
1175 1708 1236 1774 illo
1266 1711 1411 1787 firmam,
1442 1709 1490 1772 ita
1514 1707 1607 1772 nullo
1632 1707 1738 1773 modo
1761 1707 1848 1773 scire
1871 1703 1994 1792 potuit,
2019 1707 2053 1772 id

348 1841 443 1924 quod
468 1840 650 1919 contendit,
674 1861 695 1903 a
719 1837 857 1903 Cratino
881 1836 1105 1921 primo-seria
1130 1855 1206 1900 esse
1229 1833 1313 1899 iocis
1335 1833 1500 1898 admixta.
1547 1833 1591 1896 Et
1623 1853 1664 1896 ne
1694 1832 1761 1896 hoc
1792 1833 1929 1916 quidem
1963 1853 2054 1926 asse·

348 1985 447 2049 quor,
483 1985 553 2048 quo
588 1965 662 2029 iure
697 1961 997 2047 Poppelreuter
1031 1961 1141 2026 verba
1170 1959 1250 2046 ἦσαν
1282 1959 1316 2024 δὲ
1347 1959 1376 2022 ol
1405 1961 1474 2042 περὶ
1503 1957 1704 2043 Σουσαρίωνα
1738 1956 1945 2042 interpolata
1977 1979 2054 2024 esse

351 2090 482 2154 credat:
507 2109 566 2154 cur
582 2089 669 2154 enim
685 2109 751 2153 non
775 2088 830 2152 hic
854 2108 995 2171 quoque
1018 2083 1262 2172 grammaticus
1286 2103 1332 2146 ex
1357 2101 1475 2146 eorum
1500 2101 1640 2146 numero
1656 2081 1761 2146 fuisse
1777 2097 1904 2166 potest,
1929 2083 2055 2165 quibus

352 2211 494 2277 Susario
518 2181 701 2278 videbatur
725 2232 802 2276 esse
829 2210 1031 2275 comoediae
1055 2207 1194 2274 Atticae
1223 2207 1359 2272 auctori
1399 2207 1553 2272 Breviter
1581 2206 1662 2271 dicit
1689 2209 1718 2273 oi
1744 2211 1813 2294 περὶ
1841 2205 2052 2295 Σουσαρίωνα,

352 2358 428 2401 curn
452 2337 541 2402 idern
566 2336 683 2402 valere
699 2350 797 2418 putet
814 2335 916 2398 etiarn
933 2335 977 2398 de
1001 2333 1124 2398 ceteris
1148 2333 1247 2397 huius
1269 2331 1469 2397 comoediae
1486 2331 1599 2416 poetis
1615 2332 1855 2416 antiquissimis
1878 2348 1957 2398 ante
1973 2332 2054 2396 Cra·

351 2461 466 2526 tinum.
513 2463 650 2544 Repeto
673 2459 759 2522 enirn
783 2479 873 2542 quae
890 2459 976 2523 dixi:
1001 2479 1067 2522 non
1085 2457 1165 2522 mihi
1181 2456 1259 2524 talis
1276 2477 1353 2523 esse
1370 2457 1506 2522 videtur
1529 2456 1583 2520 hic
1605 2457 1764 2541 scriptor,
1790 2473 1826 2521 ut
1851 2459 1923 2523 eius
1948 2459 2056 2523 verba

350 2605 510 2668 premere
533 2583 645 2647 liceat.

510 2707 639 2772 Verum
656 2729 697 2772 ea
713 2708 745 2772 in
761 2722 929 2772 recontra
946 2705 1253 2791 Zielinskiumffi)
1270 2705 1372 2791 plane
1384 2707 1560 2771 consentio
1577 2726 1653 2770 cum
1666 2704 2055 2793 Poppelreuter025),

352 2832 446 2915 quod
481 2851 550 2918 ego
584 2851 724 2915 quoque
757 2852 899 2897 scaenas
929 2831 1005 2896 illas
1040 2831 1200 2897 ridiculas
1235 2831 1356 2916 priscis
1388 2831 1602 2915 temporibus
1631 2831 1792 2915 parabasi
1816 2852 1881 2896 non
1905 2831 2055 2919 prologi,

351 2958 412 3022 sed
438 2957 568 3042 epilogi
591 2956 671 3022 loco
695 2957 846 3022 adiectas
871 2979 947 3022 esse
975 2957 1134 3023 arbitrer:
1169 2972 1314 3022 testatur
1346 2957 1434 3020 enim
1466 2957 1533 3020 hoc
1565 2957 1666 3021 sedes
1697 2977 1813 3021 earum
1843 2957 1876 3021 in
1900 2958 2057 3023 omnibus

351 3079 416 3144 illis
440 3080 565 3145 fabulis
588 3081 852 3164 Aristophaneis
880 3097 1018 3166 praeter
1040 3083 1164 3148 Ranas.
1211 3083 1257 3148 Ut
1290 3082 1371 3147 olim
1405 3081 1716 3167 phallophororum
1751 3083 1972 3167 coryphaeus
2004 3105 2057 3148 ca·

353 3204 584 3270 villationibus
607 3206 699 3270 haud
724 3206 827 3271 dubie
850 3205 1044 3272 lacessebat
1065 3223 1325 3292 praetereuntes
1354 3208 1513 3291 aliosque
1541 3209 1704 3287 homines,
1735 3207 1782 3273 ita
1805 3207 1872 3272 iam
1895 3209 1982 3274 istae
2005 3231 2058 3274 ca·

353 3329 545 3395 villationes
569 3331 600 3394 in
624 3330 734 3414 ipsam
758 3333 972 3397 comoediam
995 3332 1160 3397 traiectae
1187 3350 1264 3399 sunt
1291 3333 1350 3399 tali
1373 3335 1513 3413 ratione,
1546 3349 1583 3398 ut
1613 3333 1722 3417 ipsius
1745 3355 1967 3418 personarum
1992 3335 2058 3401 alia

352 3452 437 3519 alias
460 3453 609 3519 ludibrio
633 3455 787 3522 haberet.
832 3457 944 3522 Etiam
969 3457 1096 3522 Cratini
1124 3480 1227 3524 unum
1253 3475 1346 3524 certe
1376 3460 1495 3523 drama
1525 3458 1653 3523 initium
1677 3459 1768 3542 cepit
1792 3480 1813 3523 a
1837 3459 2055 3544 parabasitt).

352 3577 505 3666 Ὀδυσσης
528 3579 681 3644 eiusdem
704 3597 832 3665 poetae
855 3580 1006 3646 fabulam
1030 3605 1050 3647 e
1073 3584 1244 3648 contrario
1273 3584 1434 3669 parabasi
1463 3584 1588 3649 finitam
1612 3565 1718 3649 fuisse
1741 3585 1884 3650 coniecit
1908 3585 2058 3677 quidem,

352 3706 414 3769 sed
439 3705 500 3770 vix
523 3720 617 3770 recte
640 3706 783 3771 coniecit
807 3707 1001 3790 nuperrime
1024 3706 1297 3790 Kaibelius2⁷)‚
1329 3731 1397 3794 qua
1426 3711 1469 3773 de
1497 3731 1536 3772 re
1558 3708 1643 3773 infra
1666 3709 1842 3774 disseram.
1889 3710 2059 3776 Trimeter

353 3829 518 3894 iambicus
542 3847 578 3895 ut
602 3831 635 3896 in
658 3831 784 3897 talibus
811 3832 942 3897 scaenis
970 3853 1107 3917 semper
1129 3832 1313 3900 adhibetur
1336 3835 1381 3899 ab
1406 3833 1650 3918 Aristophane,
1678 3833 1771 3898 haud
1795 3833 1900 3899 dubie
1921 3856 2059 3919 semper

354 3953 387 4015 in
412 3953 460 4018 eis
484 3955 714 4021 adhibebatur
748 3979 813 4022 non
847 3957 892 4022 ad
924 3959 1128 4042 tragoediae
1162 3959 1370 4043 exemplum,
1406 3980 1496 4042 quae
1519 3973 1720 4024 tetrametro
1743 3959 1859 4042 potius
1882 3959 2059 4024 trochaico

354 4079 569 4160 temporibus
591 4079 656 4146 illis
681 4081 852 4158 utebatur,
882 4084 945 4147 sed
969 4085 1049 4166 quia
1080 4083 1134 4150 hic
1167 4105 1288 4150 versus
1312 4083 1460 4148 omnium
1493 4099 1679 4149 metrorum
1711 4083 1862 4148 maxime
1883 4083 1983 4148 simul
2006 4100 2060 4149 est

355 4203 530 4286 scopticus
554 4208 648 4271 etad
665 4208 876 4291 colloquium
900 4207 1064 4292 aptusii).
1103 4210 1225 4293 Neque
1248 4225 1360 4273 tamen
1384 4228 1463 4273 reor
1486 4229 1561 4272 earn
1584 4229 1753 4289 scaenam,
1778 4230 1881 4293 quarn
1899 4209 2059 4296 Agonem

514 4379 546 4446 ²⁴)
566 4385 619 4432 Die
638 4383 802 4450 Gliederung
821 4385 869 4436 der
888 4386 1053 4437 altattischen
1073 4387 1234 4450 Komoedle‚
1253 4387 1365 4451 Lipsiae
1387 4388 1462 4448 1885,
1482 4401 1509 4451 p.
1532 4387 1580 4445 185
1600 4402 1661 4450 sqq.

519 4468 552 4534 2⁵)
571 4471 602 4521 L.
622 4471 639 4522 l.
658 4487 686 4537 p.
707 4483 738 4533 32
759 4489 819 4540 sqq.

514 4555 547 4624 ²⁶)
566 4560 674 4612 Aristid.
695 4562 743 4612 Or.
763 4564 860 4624 XLIX,
881 4565 932 4623 386
956 4565 998 4630 (11,
1019 4575 1066 4624 521
1089 4565 1189 4630 Diod).
1226 4567 1254 4615 ἐν
1277 4567 1348 4630 ἀρχῇ
1372 4567 1418 4616 τοῦ
1441 4566 1575 4630 δράματος
1597 4564 1846 4630 μιγαλαυχοὺμτνος
1868 4565 1904 4628 ὡς
1926 4568 2061 4633 προφήτης

354 4646 527 4712 moeremus
545 4649 609 4700 τάδε
628 4650 670 4716 (ir.
692 4651 767 4716 306)'

941 4725 1127 4788 ἀφντνίζεσθαι
1145 4725 1196 4790 χρὴ
1214 4725 1301 4775 πάντα
1319 4723 1428 4792 θεατήν,

461 4809 514 4858 ἀπὸ
533 4809 579 4873 plu
597 4808 733 4874 βλιφάρων
753 4811 932 4878 αὑθημερινῶν
950 4817 1066 4880 ποιητῶν
1083 4812 1165 4879 λῆρον
1184 4815 1292 4878 ἀφέντα,
1430 4819 1435 4828 “

515 4895 548 4961 ²l)
567 4898 694 4948 Kratinos
713 4900 844 4966 Ὀδυσσῆς,
864 4901 952 4951 Herm.
973 4903 1062 4953 XXX.
1085 4905 1161 4962 1895.
1180 4919 1208 4967 p.
1230 4913 1262 4966 74
1280 4919 1342 4968 sqq.
1361 4905 1403 4955 81.

515 4984 548 5052 ¹⁶)
566 4988 675 5038 Aristot.
696 4989 769 5039 Poet.
788 5005 814 5052 4.
838 4991 924 5053 1448b
944 5001 973 5049 31
996 5007 1037 5054 sq.
1057 4991 1172 5056 ἰαμβεῖον
1190 4991 1313 5043 καλεῖται
1335 4997 1387 5056 νῦν,
1412 4993 1452 5043 ὅτι
1475 4995 1502 5044 ἐν
1523 4998 1559 5058 τῷ
1578 4995 1662 5058 μέτρῳ
1681 4993 1765 5060 τοὺτῳ
1783 4993 1900 5058 ἰάμβιζον
1919 4993 2060 5060 ἀλλήλους.

359 5083 445 5136 1449·
463 5086 496 5138 24
514 5091 555 5141 sq.
580 5077 694 5142 μάλιστα
715 5079 767 5144 γὰρ
786 5077 910 5129 λεκτικὸν
933 5081 984 5129 τῶν
1003 5079 1101 5144 μέτρων
1127 5081 1157 5130 τὸ
1177 5062 1292 5146 laudetis
1310 5083 1372 5133 ἐστι.
1410 5083 1487 5132 Rhet.
1507 5083 1550 5146 111,
1573 5093 1595 5132 1.
1618 5093 1704 5146 1404ss
1724 5093 1758 5142 30
1775 5099 1835 5147 sqq.
1866 5084 1908 5147 111,
1928 5085 1953 5134 8.
1975 5085 2061 5146 140812

357 5171 390 5221 32
409 5177 470 5227 sqq.
506 5165 584 5216 Haud
603 5168 683 5230 igitur
702 5177 774 5218 recte
792 5169 855 5218 mihi
876 5168 980 5218 videtur
999 5169 1175 5218 Frantzlus
1194 5171 1237 5218 De
1256 5171 1414 5221 comoediae
1428 5171 1533 5221 Atticae
1551 5170 1684 5234 prologis,
1703 5173 1826 5221 Treviris
1848 5173 1923 5234 1801,
1942 5187 1969 5236 p.
1983 5183 1998 5231 3
2011 5189 2061 5236 sq,

356 5261 382 5300 ut
406 5251 599 5306 demonstraret
623 5271 735 5307 scaenas
761 5258 820 5308 illas
849 5259 981 5309 ioculares
1003 5273 1090 5322 aeque
1112 5272 1145 5307 ac
1169 5259 1312 5323 prologum
1336 5259 1522 5323 parodumque
1541 5259 1604 5308 satis
1624 5262 1723 5309 recenti
1743 5270 1830 5310 aetate
1850 5263 1875 5310 in
1894 5259 2061 5310 comoediam

266 5351 271 5362 ·
355 5351 480 5407 receptas
493 5357 562 5407 esse,
582 5333 690 5395 inversa
702 5349 805 5396 ratione
825 5349 892 5398 hanc
912 5362 1017 5398 causam
1036 5347 1189 5412 protulisse,
1209 5346 1282 5412 quod
1303 5347 1397 5412 ,ipsae
1416 5363 1525 5413 qunque
1545 5347 1591 5398 llio
1610 5359 1695 5398 metro
1716 5351 1885 5414 conscriptae
1904 5360 1970 5413 sunt,
1989 5349 2062 5413 quod

356 5445 372 5478 e
399 5431 540 5493 tragoedia
569 5431 671 5484 demum
700 5436 725 5484 ln
745 5436 913 5485 comoediam
932 5435 1083 5486 translatum
1108 5451 1168 5486 csse
1187 5436 1317 5488 videtur“.
1362 5435 1459 5486 Verum
1479 5439 1568 5501 potius
1592 5437 1658 5488 vidit
1682 5439 1925 5503 Poppelreutcr
1949 5439 1965 5490 l.
1991 5439 2008 5488 1.
2035 5455 2061 5503 p.

355 5532 392 5582 41)
410 5536 451 5584 sq.
490 5521 529 5571 Cf.
550 5537 574 5573 n.
596 5523 636 5581 38.
