4850 5918
361 525 546 609 perspicue
561 525 610 589 sic
627 545 844 607 nequaquam
860 524 1063 607 scripsisset.
1103 525 1259 607 Namque
1274 523 1323 586 sic
1339 544 1403 587 non
1424 523 1536 587 solum
1560 522 1701 586 dubium
1725 524 1772 596 fit,
1798 538 1910 585 utrum
1936 538 2071 585 maneat

361 651 452 714 idem
486 651 678 715 subiectum
713 652 832 716 ἀσωτία
866 654 919 716 καί
954 651 1158 735 ἀνελευθερία
1184 671 1225 712 an
1260 649 1327 713 iam
1362 671 1382 712 e
1414 648 1635 731 sequentibus
1665 647 1758 712 aliud
1789 650 1806 713 6
1833 652 1954 726 ἄσωτος
1976 650 2071 712 καίό

327 761 328 766 ¹
361 777 568 862 ἀνελεύθερος
592 777 806 858 anticipetur,
831 798 950 839 verum
976 776 1077 838 etiam
1102 790 1214 838 utrum
1239 777 1344 852 αὐτοῖς
1368 777 1411 837 ad
1437 774 1593 860 ὑπερβολῇ
1615 777 1669 838 καί
1692 775 1826 858 ἔλλειψις
1849 795 1892 836 an
1916 773 1959 836 ad
1985 772 2072 838 δόσιν

362 903 530 988 χρημάτων
552 905 605 966 καί
629 903 722 987 λῆψιν
746 902 958 964 referendum
983 901 1035 964 sit.
1076 901 1110 963 ln
1126 897 1277 977 δ’έοιυταῐς
1294 915 1407 963 autem
1433 899 1512 962 nihil
1536 900 1639 964 video
1664 899 1871 976 offensionis,
1896 898 1958 961 nisi
1976 899 2071 981 quod

361 1026 427 1088 iam
445 1025 607 1089 hocloco
623 1028 668 1088 ad
685 1027 929 1112 ὑπερβάλλουσιν
952 1029 1005 1091 καί
1028 1007 1221 1092 ἐλλείπουσιν
1245 1027 1401 1090 subiecta
1425 1025 1541 1109 potius
1564 1027 1581 1090 6
1606 1029 1726 1104 ἄσωτος
1748 1028 1802 1090 καί
1825 1026 1842 1088 6
1865 1023 2072 1110 ἀνελεύθερος

362 1168 433 1215 tum
458 1152 570 1215 sensui
596 1168 667 1215 tum
691 1153 930 1216 constructioni
956 1153 1066 1237 magis
1090 1167 1172 1234 apta
1195 1169 1436 1235 expectamus:
1462 1173 1552 1234 quae
1576 1150 1722 1214 offensio
1745 1151 1774 1213 si
1799 1150 1899 1213 nimia
1923 1149 2069 1226 videtur,

364 1276 521 1341 facillime
545 1276 688 1341 dissolvi
713 1293 829 1360 potest
853 1294 997 1360 accepta
1021 1277 1213 1341 Stewarti
1238 1278 1483 1342 coniectatione
1506 1274 1662 1354 δ’έαυιοῐς.

523 1421 685 1484 Proxime
719 1437 881 1484 secuntur
916 1443 949 1485 v.
992 1424 1130 1504 14—16:
1169 1434 1223 1487 νῦν
1258 1425 1312 1506 μέν
1347 1420 1402 1486 οὖν
1435 1423 1522 1506 τὺπῳ
1557 1425 1610 1486 καί
1647 1423 1697 1486 ἐπί
1731 1421 1893 1506 κεφαλαίῳ
1929 1417 2071 1504 λέγομεν,

363 1548 548 1632 ἀρκούμενοι
571 1547 656 1633 αὐτῷ
680 1548 936 1632 τοὺτιρ·ὑστερον
966 1549 1000 1612 δὲ
1032 1548 1249 1635 ἀκριβέστερον
1272 1551 1340 1633 περί
1364 1549 1466 1612 αὐτων
1490 1545 1731 1633 διορισόίφσεται,
1763 1545 1806 1607 de
1830 1545 1956 1628 quibus
1979 1561 2073 1607 recte

365 1671 555 1736 Welldon
580 1675 610 1736 in
635 1671 854 1736 translatione
879 1672 1026 1757 Anglica
1060 1674 1204 1736 adnotat
1235 1673 1334 1736 haec:
1371 1672 1403 1748 „l
1436 1673 1524 1734 have
1557 1671 1681 1754 placed
1715 1671 1780 1735 this
1813 1687 1971 1733 sentence
1996 1669 2027 1732 in
2051 1691 2072 1730 a

363 1798 588 1880 parenthesis
613 1819 651 1861 as
675 1799 699 1861 it
724 1797 910 1880 interrupts
934 1798 992 1861 the
1016 1813 1194 1880 argument
1220 1799 1416 1882 respecting
1449 1798 1506 1861 the
1538 1797 1628 1882 right
1665 1819 1725 1862 use
1749 1799 1790 1860 of
1809 1805 1968 1878 money“.
2023 1796 2071 1859 At

364 1923 430 1986 hoc
454 1923 540 1986 hanc
564 1925 672 2005 ipsam
697 1924 744 1986 ob
769 1944 904 1986 causam
930 1924 991 1986 vix
1014 1924 1151 1986 sufficit:
1181 1923 1352 1986 asteriscis
1377 1925 1493 2006 potius
1516 1923 1822 1986 circumscribendo
1846 1937 1938 1985 sunt:
1969 1937 2072 2002 aptus

364 2069 482 2111 eorum
500 2048 598 2112 locus
615 2065 688 2112 erat
710 2059 811 2134 ιιογθ
826 2071 868 2133 33
885 2067 964 2113 ante
980 2053 1048 2134 περί
1065 2053 1120 2136 μὲν
1136 2048 1200 2132 οὑν,
1224 2049 1284 2112 εει]
1303 2048 1370 2112 illic
1387 2069 1451 2112 non
1476 2050 1646 2131 quadrant
1670 2050 1714 2112 ad
1739 2049 1882 2111 lormam
1900 2047 2070 2110 orationis.

526 2192 655 2256 ibidem
673 2215 706 2256 v.
725 2213 767 2256 20
783 2193 944 2256 traditum
963 2209 1028 2257 est:
1053 2194 1230 2278 διαφέρουσι
1246 2192 1280 2257 δέ
1303 2192 1393 2258 αὗται
1415 2204 1478 2259 τῶν
1500 2196 1569 2276 περί
1592 2197 1648 2277 τὴν
1672 2194 1923 2277 ἐλευθεριότητα,
1940 2213 2072 2254 verum-

365 2333 478 2380 tamen
503 2318 569 2382 hoc
594 2317 673 2381 nihil
698 2335 748 2381 est
774 2317 864 2395 novi,
888 2320 949 2381 sed
974 2318 1141 2401 repetitur
1165 2335 1294 2382 tantum
1319 2341 1364 2382 ex
1389 2319 1669 2382 antecedentibus
1698 2335 1734 2399 17
1752 2338 1829 2400 sqq.
1854 2319 1954 2402 ὁγὰρ
1979 2339 2072 2402 μέγα·

364 2445 521 2530 λοπρεπὴς
545 2444 682 2530 διαφέρει
705 2442 931 2530 ἐλευθερίου·ὃ
956 2447 1010 2529 μέν
1043 2448 1103 2531 γὰρ
1125 2447 1194 2529 περὶ
1218 2446 1350 2530 μεγάλα,
1383 2447 1457 2509 όδέ
1485 2447 1554 2529 περὶ
1578 2445 1682 2529 μικροί,
1714 2444 1771 2506 ubi
1804 2443 1871 2505 hoc
1895 2442 2072 2505 discrimen

365 2568 431 2631 iam
455 2569 697 2632 adumbratum
721 2585 788 2632 est:
812 2571 928 2652 itaque
952 2569 1019 2633 hoc
1042 2589 1184 2653 quoque
1207 2567 1286 2632 loco
1310 2573 1344 2634 δὲ
1369 2570 1565 2632 mutandum
1591 2584 1642 2631 est
1666 2569 1697 2632 in
1721 2570 1769 2650 δὴ.

525 2713 655 2776 Ibidem
680 2735 712 2777 v.
738 2733 779 2797 25
819 2711 899 2799 (τῷ)
928 2717 997 2798 περί
1022 2717 1115 2798 μικρὰ
1138 2714 1343 2799 διαφέρουσαν
1367 2733 1443 2775 curn
1461 2713 1709 2775 Ramsauero
1733 2709 1850 2775 scribit
1868 2710 2072 2792 Bywater:

366 2858 501 2914 vereor,
527 2852 563 2900 ut
588 2837 618 2900 in
643 2837 708 2900 hac
731 2839 942 2901 correctione
966 2838 1185 2920 acquiescere
1216 2839 1331 2901 liceat:
1375 2835 1455 2923 (τῷ)
1491 2840 1560 2924 περί
1590 2837 1685 2923 μικρὰ
1724 2834 1832 2920 leiim)
1865 2836 2071 2922 διαφέρουσαν

367 2960 424 3026 vel
447 2966 515 3048 περί
540 2967 634 3050 μικρὰ
666 2961 906 3048 [διαφερίοὺσαν
937 2963 1081 3026 coniecit
1105 2960 1394 3044 Rassoviusill:
1434 2960 1516 3025 illud
1543 2961 1639 3024 nimis
1663 2959 1811 3026 violenta
1841 2975 1892 3024 est
1917 2959 2071 3037 mutatio,

367 3104 522 3170 praestat
547 3089 623 3166 hoc,
648 3089 744 3171 quod
768 3090 1025 3152 commendatur
1049 3089 1149 3151 etiam
1174 3111 1194 3152 a
1218 3086 1485 3169 Stewartoill.

526 3232 560 3293 ln
584 3231 700 3295 verbis
728 3232 831 3296 1108¹’
845 3253 863 3316 3
877 3253 964 3315 sqq,
990 3254 1080 3316 quae
1095 3232 1282 3295 secundum
1305 3230 1536 3307 certissimam,
1562 3245 1599 3294 ut
1621 3230 1700 3292 milti
1721 3230 1866 3308 videtur,
1888 3229 2072 3312 Sauppei

367 3355 636 3419 emendationem
661 3357 707 3419 ita
732 3357 837 3420 edidi:
861 3356 879 3419 6
903 3360 957 3442 μὲν
980 3361 1040 3443 γὰρ
1064 3362 1261 3443 νεμεσητικός
1285 3359 1424 3423 λυπεῖται
1447 3358 1497 3422 ἐπί
1525 3368 1587 3434 τοῖς
1615 3357 1745 3434 ἀναξίως
1772 3354 1807 3420 εὑ
1835 3357 2032 3443 πράττουσιν,
2055 3357 2073 3420 ό

367 3485 401 3547 δὲ
424 3484 577 3566 φθονερός
600 3481 802 3568 ὑπερβάλλων
830 3495 939 3548 τοῦτον
965 3485 1015 3548 ἐπί
1042 3495 1135 3549 πᾶσιν
1157 3486 1308 3564 λυπεῖται,
1340 3480 1409 3563 (καί
1433 3483 1519 3566 ὁμέν
1548 3482 1747 3568 νεμεσητικός
1773 3481 1823 3546 ἐπί
1852 3494 1913 3559 τοῖς
1941 3482 2073 3561 ἀναξίως

367 3617 475 3684 κακῶς
498 3607 665 3691 πρέπουσι
694 3606 860 3690 iussistis>
900 3611 917 3673 6
950 3605 977 3674 δ’
992 3609 1230 3692 ἐπιχαιρέκακος
1262 3619 1409 3672 τοσοῦτον
1442 3607 1576 3672 ἐλλείπει
1608 3619 1664 3671 τοῦ
1696 3609 1874 3688 λυπεῖσθαι,
1907 3610 1989 3672 ὥστε
2020 3611 2073 3671 καί

367 3731 493 3819 χαίρειν,
519 3731 708 3813 Bywatet
732 3733 817 3797 hanc
843 3735 1090 3797 restitutionem
1115 3755 1155 3796 ne
1184 3731 1463 3796 commemoravit
1496 3731 1695 3814 quidem³⁹),
1718 3747 1750 3795 et
1782 3733 2011 3795 Stewartus
2043 3731 2073 3794 ei

370 3857 516 3940 opponit
542 3857 640 3921 haec:
668 3859 701 3934 ,1
725 3875 846 3922 cannot
872 3859 953 3942 help
978 3859 1132 3942 thinking
1156 3860 1228 3922 that
1252 3859 1277 3920 it
1302 3858 1329 3920 is
1353 3857 1529 3920 awkward
1554 3873 1590 3920 to
1615 3858 1842 3920 characterise
1867 3858 1924 3920 the
1947 3879 2074 3942 νεμεση-

368 3981 453 4060 τικός
477 3983 508 4045 in
533 3999 614 4048 two
638 3983 770 4066 closely
796 3983 953 4066 adjacent
976 3984 1121 4062 clauses,
1145 3984 1275 4047 instead
1299 3985 1339 4047 ol
1357 4004 1441 4046 once
1465 3984 1518 4045 sor
1542 3982 1601 4059 all;
1626 3984 1694 4045 and
1717 3984 1731 4044 l
1754 3984 1801 4046 do
1826 3998 1884 4046 not
1907 4005 1967 4046 see
1993 3982 2072 4066 why

370 4129 423 4170 we
446 4109 571 4172 should
598 4125 655 4173 not
681 4110 725 4170 be
748 4109 897 4173 allowed
923 4126 957 4172 to
981 4111 1063 4194 give
1088 4111 1130 4174 its
1154 4109 1286 4173 natural
1311 4109 1440 4194 wcight
1462 4125 1499 4172 to
1522 4109 1579 4171 the
1604 4112 1702 4173 word
1725 4110 1973 4196 ἐπιχαιρέκακος,
2006 4109 2074 4172 and

370 4232 532 4316 mentally
558 4233 688 4317 supply
717 4234 767 4298 ἐπί
797 4243 874 4300 πᾶσι
903 4247 966 4312 τοῖς
996 4247 1103 4314 κακῶς
1131 4236 1300 4321 πρέπουσι
1330 4236 1417 4298 aster
1449 4236 1574 4322 χαίρειν.
1628 4235 1663 4297 Α
1694 4234 1821 4312 Greek,
1855 4233 1958 4298 lfeel
1982 4257 2073 4311 sure,

370 4449 429 4496 with
450 4449 493 4497 the
512 4449 681 4513 proposition
700 4451 728 4498 έν
748 4449 770 4497 is
794 4449 928 4498 dominam
951 4451 1113 4512 throughout
1136 4451 1186 4500 this
1207 4451 1267 4512 Cim
1296 4451 1372 4500 there
1395 4451 1419 4498 is
1443 4449 1488 4499 but
1508 4466 1559 4498 one
1579 4451 1723 4512 exception
1743 4449 1864 4514 (besides
1883 4452 1926 4499 the
1945 4457 2075 4516 present),

370 4538 468 4587 thatin
492 4539 577 4600 ttoyb
602 4556 622 4600 ι,
652 4539 702 4588 and
732 4541 750 4588 it
779 4541 801 4588 is
829 4555 893 4602 easy
922 4551 949 4588 to
979 4539 1057 4602 bring
1086 4542 1104 4589 it
1132 4542 1186 4590 into
1210 4541 1370 4602 conformity
1393 4539 1429 4601 by
1454 4539 1566 4602 reading
1589 4543 1640 4589 τῶν
1663 4540 1876 4604 ὑπερβαλλόντων
1895 4543 1910 4590 6
1929 4543 1975 4604 μὲν
2005 4540 2063 4608 (ἐν)

370 4629 467 4692 ἀφοβίφ
485 4629 644 4692 ἀνώνυμος“.

529 4715 563 4782 ³⁷)
581 4719 647 4768 Mus.
669 4719 752 4767 Rhen.
772 4719 865 4768 XLill.
886 4735 911 4783 p.
932 4735 991 4780 590.

531 4805 563 4872 3ί)
583 4809 665 4856 Paulo
686 4817 747 4871 post
767 4823 792 4857 v.
813 4823 845 4870 32
863 4823 923 4872 sqq.
943 4807 1096 4872 corrigendi
1121 4821 1179 4859 sunt
1198 4826 1306 4860 errores
1324 4812 1349 4859 in
1369 4811 1532 4872 Bywateri
1557 4819 1688 4873 apparatu
1712 4811 1816 4858 critico:
1845 4825 1902 4858 cunt
1924 4825 1956 4872 33
1975 4813 2022 4859 καί
2042 4837 2074 4846 -

375 4899 462 4945 1108·
483 4911 491 4944 ι
524 4898 678 4961 ἀφιλότιμον
702 4899 801 4946 omissa
826 4899 876 4946 sint
905 4899 929 4946 in
951 4899 991 4946 Li·
1011 4899 1057 4946 Mb
1076 4900 1136 4960 0¹¹,
1165 4911 1251 4948 textus
1279 4902 1370 4950 horum
1396 4899 1538 4948 verborum
1563 4899 1650 4947 nititur
1672 4899 1738 4948 solis
1759 4899 1804 4947 lib
1824 4900 1866 4947 Nt
1887 4897 1923 4947 Ρ9
1942 4899 2001 4948 Ald.
2021 4901 2076 4960 Ar„

371 5002 483 5049 cumque
501 4989 547 5051 μὲν
566 4989 644 5036 etiam
664 4989 688 5036 in
709 4987 754 5034 Kb
773 4987 897 5036 omissum
917 4989 958 5048 sit,
988 5005 1040 5036 non
1067 4990 1142 5037 nimis
1170 4989 1296 5038 audacter
1321 4991 1469 5052 liywater
1493 4990 1560 5037 hanc
1584 4989 1739 5052 particulam
1763 5001 1824 5038 ante
1842 4989 1887 5039 ὅτε
1906 4991 2075 5054 transposuit.

372 5077 470 5124 Errore
490 5087 585 5126 tantum
605 5077 701 5126 sactum
721 5079 798 5127 etiam
820 5087 867 5138 est,
888 5087 912 5126 ut
933 5079 958 5125 in
978 5077 1096 5126 editione
1115 5093 1173 5127 mea
1197 5083 1282 5129 ιιο8Ιι
1301 5095 1333 5142 3²
1354 5080 1369 5128 6
1388 5077 1518 5128 exciderit
1537 5087 1597 5127 ante
1618 5080 1741 5143 αἰδήμων.

531 5165 563 5230 ³³)
584 5169 677 5216 'l'ucuit
691 5169 769 5216 etiam
784 5167 817 5217 de
832 5168 951 5216 Corais
970 5177 995 5216 et
1010 5169 1153 5216 Rassovi
1174 5170 1309 5217 sententiis
1332 5173 1417 5218 1108st
1436 5183 1468 5230 33
1482 5185 1533 5232 sq.‚
1553 5183 1622 5231 quae
1642 5181 1752 5232 prorsus
1772 5179 1846 5218 recta
1865 5169 1926 5218 mihi
1945 5169 2076 5219 vitientur.

372 5255 463 5304 Attulit
482 5271 528 5304 eas
546 5256 741 5320 Stewartus,
760 5256 808 5306 sed
828 5255 946 5322 probare
965 5272 1017 5306 non
1036 5273 1114 5307 ausus
1134 5266 1181 5306 est.
