4850 5918
1155 442 1264 516 XVII

324 654 409 714 ratae
429 652 593 716 Aristoteli
615 653 764 718 ridentur
799 653 902 718 ethica
924 657 955 716 et
975 654 1115 737 politica,
1138 653 1194 718 sed
1222 657 1299 739 qnia
1326 657 1498 718 versantur
1526 654 1556 715 ἐν
1584 662 1648 728 τοῖς
1676 644 1882 738 ἐνδεχομένοις
1910 653 1962 716 καὶ
1987 657 2092 728 αλλως

323 771 401 854 ἔχειν
423 775 454 834 et
475 777 642 856 propterea
663 775 698 836 in
725 782 789 846 τοῖς
810 772 858 836 ἐπὶ
879 768 916 834 τὸ
938 764 1016 836 πολύ
1046 777 1169 839 tantum
1192 779 1223 840 et
1249 775 1481 839 verisimilibus
1509 777 1683 858 minusque
1713 773 2016 839 demonstrationem
2038 775 2092 840 ad-

323 890 462 972 mittunt,
485 909 549 975 qua
571 910 686 956 causae
709 892 813 975 (αἰτίαι
830 925 873 945 =
894 887 931 954 τὸ
953 883 1053 975 διότι),
1075 914 1172 978 quam
1193 894 1421 978 inductionem,
1451 915 1514 979 qna
1536 894 1604 959 sola
1629 895 1710 959 lacta
1732 888 1865 978 (τὸ·ὄτι)
1896 898 2091 980 aperiuntur.

321 1011 455 1075 Accedit
476 1012 561 1096 quod
584 1014 695 1097 nequit
715 1013 870 1098 intellegi,
891 1032 948 1077 cnr
971 1014 1052 1077 hanc
1075 1012 1114 1077 ob
1136 1016 1292 1078 rationem
1314 1019 1345 1078 et
1366 1019 1494 1098 propter
1508 1033 1604 1078 nsum
1618 1016 1714 1097 vitae,
1736 1013 1775 1078 ad
1798 1034 1895 1097 quern
1917 1015 1976 1080 has
1998 1015 2092 1080 disci-

321 1130 426 1214 plinas
443 1132 769 1216 trahitphilosophus,
791 1152 924 1198 necesse
940 1135 981 1197 sit
996 1132 1090 1198 etiam
1105 1134 1324 1199 definitionem
1341 1135 1426 1198 illam
1443 1137 1551 1198 minus
1567 1153 1639 1198 esse
1655 1153 1810 1199 severam.
1855 1134 1939 1200 Nam
1949 1133 2093 1199 definitio

322 1269 457 1336 semper,
480 1255 516 1314 nt
537 1253 739 1317 Aristotelem
763 1253 910 1317 docuisse
933 1253 1082 1317 omnibus
1105 1259 1217 1318 notum
1239 1259 1297 1329 est,
1320 1256 1485 1318 invenitur
1506 1254 1692 1318 inductione
1721 1254 1773 1318 rel
1796 1257 1914 1320 rectius
1943 1254 2092 1320 methodo

322 1372 469 1454 quadam,
492 1391 574 1456 quae
596 1372 774 1438 inductioni
797 1374 912 1437 similis
934 1378 993 1457 est,
1015 1375 1186 1439 coniuncta
1208 1395 1281 1438 cnm
1296 1375 1456 1439 divisione
1478 1379 1510 1438 et
1525 1374 1723 1458 syllogismo
1739 1393 1757 1437 e
1773 1374 1960 1440 definitione
1974 1381 2093 1456 autern,

322 1511 403 1576 qnae
426 1495 473 1556 rei
495 1493 658 1556 notionem
681 1493 735 1556 vel
763 1497 910 1558 naturam
936 1495 1185 1578 comprehendit,
1217 1498 1316 1558 oritur
1348 1495 1476 1558 demum
1512 1495 1747 1576 demonstratio,
1781 1503 1816 1558 ut
1849 1515 1932 1578 quae
1966 1515 2092 1580 semper

322 1612 497 1676 derivanda
519 1613 561 1676 sit
587 1632 605 1676 e
627 1615 675 1676 rei
701 1617 823 1678 natura.
876 1612 962 1678 Dicit
993 1615 1124 1698 quidem
1157 1616 1269 1698 postea
1290 1617 1479 1679 Aristoteles
1501 1614 1537 1678 b8
1560 1634 1608 1700 sq.
1632 1614 1778 1678 ααεττέον
1799 1607 1835 1676 δὲ
1856 1617 1920 1702 περὶ
1942 1612 2035 1690 αὐτῆς
2057 1613 2093 1678 οὐ

320 1722 409 1815 μόνον
431 1732 466 1792 ἐκ
486 1735 542 1793 τοῦ
565 1722 814 1818 συμπεράσματος
835 1733 886 1795 καὶ
907 1723 940 1806 ἐξ
961 1723 1003 1796 ὧν
1024 1731 1040 1796 ὁ
1062 1724 1163 1817 λόγος,
1186 1734 1243 1797 sed
1270 1735 1380 1818 procul
1410 1735 1507 1799 dubio
1531 1755 1596 1800 nou
1620 1741 1699 1800 sunt
1733 1739 1781 1800 sic
1812 1736 1986 1820 premenda
2013 1736 2092 1798 haec

320 1850 428 1934 verba,
450 1871 487 1914 ac
509 1853 537 1916 si
559 1851 613 1915 illa
636 1851 778 1916 definitio
800 1853 845 1916 ita
867 1857 952 1916 esset
974 1853 1106 1934 detecta,
1140 1861 1175 1917 ut
1203 1855 1290 1918 nulla
1324 1857 1455 1920 omnino
1478 1855 1622 1920 definitio
1645 1855 1728 1920 offici
1750 1861 1865 1941 potest,
1898 1857 1968 1920 solo
1995 1855 2092 1936 syllo-

318 1971 436 2053 gismo:
460 1971 520 2034 hoc
534 1971 640 2054 potius
658 1975 716 2053 est,
739 1972 824 2056 quod
840 1972 1049 2055 philosophus
1065 1974 1146 2036 vult:
1171 1976 1225 2038 via
1246 1975 1379 2038 rationis
1395 1974 1458 2037 sibi
1474 1976 1639 2040 inventam
1655 1976 1874 2042 definitionem
1892 1980 2091 2060 argumentis

319 2109 360 2152 ex
383 2093 582 2174 experientia
603 2093 709 2174 petitis
732 2095 828 2155 etiam
852 2095 953 2176 magis
976 2093 1174 2176 confirmare,
1196 2092 1261 2157 b10.
1285 2086 1438 2154 ἀλλὰκαὶ
1460 2091 1495 2154 ta
1516 2097 1580 2154 τῶν
1602 2092 1774 2179 λεγομένων
1795 2095 1860 2180 περὶ
1883 2092 1986 2170 αὐτῆς.
2022 2091 2089 2157 Iam

318 2227 394 2272 vero
418 2230 501 2294 quae
524 2211 633 2274 monui
658 2209 789 2294 abipso
813 2213 963 2295 scriptore
986 2214 1090 2276 statim
1114 2213 1287 2276 adduntur:
1312 2211 1367 2274 οὐκ
1389 2209 1573 2282 ἀπαιτητέον
1595 2205 1630 2274 δὲ
1652 2205 1723 2276 οὐδὲ
1743 2208 1800 2284 τὴν
1822 2214 1920 2276 αἰτίαν
1941 2213 1972 2276 ἑν
1998 2217 2089 2276 πᾶσιν

319 2323 438 2413 ὁμοίως,
462 2327 528 2390 ἀλλ’
555 2323 654 2392 ἱκανὸν
677 2332 706 2390 ἕν
728 2352 789 2391 τισι
809 2325 846 2392 τὸ
869 2328 918 2392 ὅτι
939 2321 1099 2416 δειχθῆναι
1120 2335 1223 2406 καλῶς
1245 2335 1288 2416 (v.
1314 2330 1460 2415 33—ll):
1486 2343 1538 2417 „et
1560 2353 1600 2398 ne
1623 2335 1682 2398 hoc
1705 2335 1835 2417 quidem
1859 2335 1972 2398 eodem
1995 2335 2090 2398 modo

322 2453 354 2514 iu
378 2450 528 2513 omnibns
551 2450 730 2532 disciplinis
752 2450 962 2534 flagitandum
985 2456 1043 2530 est,
1066 2458 1101 2516 ut
1122 2471 1219 2517 causa
1241 2455 1396 2532 afferatur,
1420 2455 1476 2518 sed
1499 2459 1584 2536 sunt,
1606 2457 1639 2517 in
1656 2454 1775 2539 quibus
1791 2456 1868 2518 setis
1891 2455 1943 2537 sit,
1965 2454 2090 2520 sibene

320 2572 361 2631 sit
384 2577 549 2634 ostensum
575 2589 642 2633 rem
669 2571 714 2633 ita
744 2572 847 2633 esse“.
899 2572 1050 2634 Attamen
1085 2577 1237 2635 secuntur
1269 2567 1329 2634 οἷον
1351 2573 1401 2634 καὶ
1422 2574 1484 2660 aspi
1505 2566 1562 2646 τὰς
1583 2562 1692 2658 ἀρχάς·
1716 2567 1754 2634 τὸ
1775 2565 1801 2635 δ’
1829 2571 1878 2636 ὅτι
1899 2577 2019 2659 πρῶτον
2040 2574 2092 2635 καὶ

317 2680 394 2774 ἀρχή
418 2687 486 2772 (¹³2),
510 2709 593 2775 quae
617 2690 694 2774 quid
717 2690 778 2754 sibi
801 2691 912 2772 velint,
934 2690 1062 2754 difficile
1078 2697 1127 2754 est
1142 2691 1237 2756 dictu.
1283 2691 1355 2756 Vox
1370 2695 1456 2757 enirn
1472 2683 1549 2778 &ppei
1571 2696 1614 2755 ita
1629 2691 1772 2756 adhiberi
1786 2697 1900 2775 potest,
1917 2698 1952 2758 ut
1966 2713 2090 2774 causac,

317 2811 359 2872 ita
384 2811 490 2892 etiam,
513 2817 547 2874 nt
568 2810 660 2891 facta,
682 2811 735 2892 ita,
758 2815 793 2872 ut
816 2815 999 2895 utrumqne,
1021 2812 1075 2892 ita,
1097 2816 1133 2874 ut
1154 2812 1374 2878 definitionem
1397 2815 1567 2897 significet:
1592 2832 1717 2898 semper
1739 2812 1836 2877 verba
1864 2807 1925 2875 οἷον
1940 2850 1980 2860 -
1995 2805 2091 2900 ἀρχάς

314 2949 450 3011 prorsus
473 2937 549 2995 sunt
570 2934 685 3014 inepta,
709 2937 741 2994 et
762 2950 856 2994 neure
880 2931 982 2994 adhuc
1005 2932 1166 3015 explicare
1199 2937 1310 3018 potuit,
1341 2933 1418 3018 quid
1446 2937 1488 2998 sit
1513 2934 1608 2998 etiarn
1643 2937 1676 2997 in
1709 2934 1873 3018 principiis
1905 2937 2090 2998 contentum

322 3069 393 3114 esse
415 3051 517 3134 lactis,
539 3069 646 3134 neque
668 3051 772 3132 video,
796 3050 954 3134 quomodo
978 3051 1037 3114 hoc
1059 3051 1257 3132 emendetur,
1280 3053 1308 3114 si
1330 3043 1357 3114 δ’
1384 3070 1457 3116 cum
1480 3049 1715 3116 Ramsauero
1738 3069 1964 3136 expungamus
1986 3052 2089 3118 deleta

322 3174 393 3252 post
413 3163 507 3255 ἀρχὰς
528 3170 794 3252 interpunctione.
840 3168 917 3234 Sine
939 3169 1037 3235 dubio
1059 3173 1155 3236 etiam
1178 3177 1212 3235 nt
1233 3173 1399 3256 principia,
1421 3172 1480 3235 hoc
1502 3177 1552 3236 est
1572 3190 1698 3253 causas,
1720 3190 1738 3235 e
1762 3169 1880 3255 quibus
1901 3169 1983 3235 tacte
2006 3171 2090 3234 deri-

323 3293 439 3353 vantur
461 3294 493 3353 et
515 3289 724 3374 explicantur,
751 3289 947 3374 detegamus,
973 3291 1160 3355 exeundum
1193 3297 1243 3356 ost
1263 3313 1282 3356 a
1302 3292 1393 3356 factis
1416 3291 1577 3376 rebusque
1604 3291 1851 3354 constituendis:
1885 3293 1962 3354 sunt
1992 3291 2091 3374 igitur

323 3409 413 3488 lacta,
436 3411 464 3472 si
484 3411 679 3493 principium
703 3408 896 3473 vocabulum
924 3410 1051 3474 diverso
1078 3429 1178 3474 sensu
1205 3411 1405 3495 adhibemus,
1430 3430 1543 3495 reapse
1570 3411 1726 3495 principia
1753 3412 1997 3494 principiorum:
2032 3411 2089 3474 sed

322 3530 382 3592 hae
404 3533 480 3592 sunt
502 3547 607 3592 merae
628 3529 759 3593 facetiae
780 3528 963 3612 futilesque,
985 3533 1016 3591 et
1038 3532 1073 3592 ut
1094 3533 1141 3593 eis
1165 3532 1211 3594 uti
1233 3530 1371 3595 voluerit
1392 3532 1534 3615 scriptor,
1554 3531 1614 3594 hoc
1637 3548 1701 3594 uon
1723 3530 1757 3592 in
1781 3528 1935 3614 quasdam
1954 3532 2089 3608 tantum,

324 3648 437 3712 sedin
459 3667 572 3712 omnes
595 3648 781 3730 disciplinas
804 3649 894 3712 cadit.
943 3641 1164 3734 Multo'igitur
1193 3650 1310 3714 melius
1337 3648 1527 3713 Zellerum
1561 3650 1664 3712 secuti
1690 3647 1981 3730 Muenscher⁹⁸),
2002 3645 2091 3712 Ras-

324 3765 515 3850 soviusfi),
538 3787 596 3853 ego
619 3769 689 3852 ipse
712 3768 810 3833 verba
831 3769 887 3832 illa
909 3763 969 3830 οἷον
991 3807 1032 3818 -
1054 3760 1147 3855 ἀρχάς
1170 3769 1362 3834 seclusimus
1374 3770 1431 3850 ¹⁰⁰).
1469 3769 1620 3832 Attamen
1635 3787 1756 3847 vereor,
1772 3786 1814 3832 ne
1828 3767 1889 3832 hoc
1905 3769 1947 3830 sit
1962 3767 2090 3831 lateram

324 3888 438 3951 lavare.
483 3887 566 3953 Nam
588 3891 646 3953 vix
668 3891 776 3952 minus
809 3891 916 3974 inepta
950 3893 1026 3952 sunt
1046 3891 1221 3972 posteriora
1247 3885 1283 3953 τὸ
1311 3880 1338 3951 δ’
1366 3886 1414 3951 ὅτι
1438 3893 1560 3976 πρῶτον
1586 3892 1637 3952 καὶ
1658 3879 1746 3976 ἀρχή.
1800 3887 1834 3954 Si
1861 3889 1949 3952 onim
1976 3888 2094 3952 adeas

324 4007 512 4090 disciplinas
534 4010 704 4092 pertinent,
728 4028 809 4092 quae
836 4007 917 4070 nihil
939 4008 1076 4091 amplius
1105 4027 1199 4092 quam
1221 4001 1259 4071 τὸ
1282 4005 1331 4072 ὅτι
1358 4012 1529 4093 attingunt,
1555 4009 1681 4073 insulsa
1708 4013 1794 4092 sunt,
1821 4028 1897 4073 nam
1923 4010 1957 4071 in
1985 4008 2032 4071 eis
2054 4001 2091 4069 τὸ

324 4120 373 4190 ὅτι
394 4147 460 4191 non
483 4129 591 4192 minna
613 4126 689 4191 finis
712 4131 761 4190 cst
783 4145 878 4210 quam
907 4129 1113 4212 principium:
1142 4130 1194 4192 siu
1216 4147 1292 4192 vero
1318 4132 1352 4192 in
1375 4132 1565 4194 universum
1593 4128 1776 4214 significant
1802 4131 1898 4192 totam
1926 4130 2090 4192 scientiam

326 4249 499 4311 humanam
521 4265 539 4310 e
561 4245 652 4311 lactis
675 4246 919 4331 cognoscendis,
954 4247 1013 4311 hoc
1036 4252 1094 4330 est,
1122 4248 1152 4311 si
1174 4248 1213 4313 ad
1239 4249 1377 4313 radicem
1405 4268 1509 4333 usque
1541 4249 1748 4334 regredimur,
1779 4267 1797 4312 e
1825 4265 1958 4310 sensum
1985 4265 2093 4330 perce·

326 4366 490 4449 ptionibus
503 4367 632 4430 initium
648 4367 784 4448 cepisse,
806 4365 956 4448 equidem
970 4385 1035 4430 non
1058 4368 1219 4453 intellego,
1243 4368 1514 4454 quemadmodum
1536 4369 1614 4433 haec
1635 4369 1826 4433 cohaereant
1840 4386 1914 4431 cuna
1935 4369 2094 4432 sententia

326 4486 543 4551 antecedente.
586 4485 616 4550 N
618 4505 669 4549 am
692 4488 761 4550 sire
775 4504 887 4550 omnes
902 4486 1091 4569 disciplinae
1115 4489 1184 4551 sive
1200 4488 1374 4553 nonnullae
1391 4492 1515 4553 tantum
1530 4507 1634 4572 usque
1653 4487 1693 4552 ad
1709 4505 1823 4552 causas
1837 4486 2095 4576 progrediuntur,

329 4607 387 4672 hoc
409 4625 511 4691 aeque
533 4623 646 4669 verum
669 4609 728 4686 est,
750 4625 852 4690 aeque
873 4625 950 4671 vera
972 4608 1068 4670 etiam
1090 4627 1173 4691 quae
1196 4607 1289 4672 nobis
1312 4610 1355 4672 ite
1376 4627 1504 4672 narrare
1525 4607 1629 4691 pergit
1650 4608 1793 4690 scriptor,
1815 4611 1851 4670 ut
1880 4605 1986 4668 denuo
2009 4609 2093 4668 certe

329 4727 495 4790 videamus
517 4744 583 4789 non
606 4723 696 4806 illud,
730 4725 786 4789 sed
809 4726 868 4789 hoc
895 4744 970 4789 oum
996 4725 1153 4790 voluisse:
1180 4731 1243 4788 τῶν
1265 4718 1291 4788 δ’
1318 4720 1466 4813 ἄρχῶνῖ
1494 4731 1527 4788 αἲ
1546 4723 1600 4812 μὲν
1621 4727 1767 4812 ἐπαγωγῇ
1790 4729 1986 4811 θεωροῦνται,
2008 4729 2040 4786 αἲ
2059 4715 2096 4785 δὲ

495 5003 541 5068 98)
560 5000 752 5067 Quaestionum
772 4999 833 5054 crit.
852 5003 881 5053 et
898 5015 972 5068 areg.
990 5001 1019 5055 in
1036 5001 1120 5056 Arist
1139 5001 1170 5056 Ε.
1189 5001 1223 5056 N.
1242 5002 1385 5072 specimen,
1403 5003 1489 5058 Marh.
1512 5003 1587 5058 1861.
1605 5019 1632 5072 p.
1655 5003 1686 5057 18
1704 5017 1762 5072 sqq.

497 5087 543 5158 99)
561 5087 672 5142 Forach.
691 5103 717 5157 p.
738 5087 770 5140 lli
790 5104 815 5140 n.
837 5091 858 5140 l.

498 5173 558 5238 100)
578 5173 764 5228 Stewartne
782 5172 889 5227 scribit:
908 5173 941 5238 „1
959 5173 1038 5228 think
1056 5174 1119 5228 that
1136 5166 1187 5227 olor
1205 5203 1238 5214 -
1256 5170 1337 5245 οἷρχοὶς
1355 5192 1425 5244 may
1444 5175 1476 5230 be
1494 5192 1530 5229 an
1547 5174 1748 5244 interpolation,
1767 5173 1816 5228 hut
1835 5174 1896 5228 that
1915 5188 1953 5226 we
1973 5172 2040 5226 have
2059 5187 2094 5226 ne

330 5259 492 5313 substautial
509 5258 626 5327 grounds
646 5259 687 5312 lor
705 5258 883 5327 condemning
902 5261 926 5314 it
960 5277 990 5314 aa
1007 5262 1102 5316 auch“.
1139 5261 1191 5328 Qui
1208 5263 1249 5317 ita
1266 5264 1394 5333 loquitur,
1417 5261 1534 5317 debebat
1556 5278 1650 5316 causae
1674 5261 1771 5315 allatas
1797 5261 1917 5315 retellere
1937 5262 1966 5313 et
1988 5271 2095 5312 sensum

331 5345 473 5400 verborum
492 5346 641 5415 explanare,
660 5347 690 5399 at
707 5349 851 5415 utrumque
870 5363 903 5401 ne
921 5352 1033 5402 conatus
1052 5349 1159 5417 quidem
1178 5351 1221 5402 eet
1238 5349 1279 5402 vir
1296 5349 1476 5406 doctissimas.

1884 5446 1900 5496 3
