4850 5918
1185 447 1220 511 X

347 659 611 744 appellaverunt
635 659 886 746 Bergktustt)
919 677 951 724 et
980 657 1279 736 Zielinsktusffl),
1314 656 1510 744 Syntagma
1534 657 1873 742 westphatiustt),
1908 673 2053 723 etetra·

346 785 462 849 metris
495 787 612 869 potius
646 784 849 868 plerumque
880 785 1106 868 anapaesticis
1139 798 1172 846 et
1203 781 1355 846 iambicis
1386 784 1614 868 compositam
1646 784 1751 848 fuisse
1773 783 1937 849 iuniorem
1961 798 2052 862 natu,

345 911 449 974 immo
484 911 555 974 sine
589 910 673 974 rixis
708 910 991 994 verberibusque,
1024 909 1051 974 si
1088 909 1135 972 ita
1169 897 1284 971 d¹cere
1315 906 1406 985 licet,
1442 908 1560 973 vivere
1593 908 1710 990 nequit
1740 906 1857 972 tabula
1886 908 2052 972 eiusmodi

348 1033 508 1114 scurrilis,
533 1035 716 1119 potuitque
740 1056 783 1100 eo
807 1035 926 1114 minus,
955 1055 1027 1117 quo
1050 1033 1168 1098 rudior
1200 1046 1272 1096 erat
1305 1033 1454 1116 pristinis
1486 1033 1712 1117 temporibus.
1757 1032 1840 1112 Sed,
1875 1034 1909 1098 ni
1940 1031 2051 1112 fallor,

345 1160 433 1223 haec
462 1179 587 1223 scaena
619 1160 664 1222 ab
697 1159 790 1223 initio
824 1179 899 1222 cum
933 1157 1144 1223 iocularibus
1177 1156 1243 1222 illis
1274 1159 1454 1222 coniuncta
1477 1174 1602 1242 postea
1624 1159 1829 1243 plerumque
1852 1174 1931 1223 ante
1954 1180 2052 1242 para·

346 1281 442 1347 basin
465 1296 516 1345 est
541 1279 722 1359 collocata,
755 1280 904 1366 prologo
928 1300 1070 1364 quoque
1099 1283 1304 1367 parodoque
1333 1284 1486 1349 adiectis.
1534 1284 1755 1368 Quamquam
1778 1284 1969 1348 accuratius
1993 1305 2052 1348 ex·

345 1404 424 1469 culti
448 1421 526 1470 sunt
549 1405 695 1492 Agones
728 1406 782 1470 isti
813 1421 846 1469 et
870 1406 1070 1491 Proagones
1103 1428 1146 1471 eo
1179 1409 1315 1472 demum
1347 1424 1515 1493 tempore,
1551 1430 1622 1492 quo
1646 1431 1702 1474 ars
1725 1409 1957 1492 sophistarum
1981 1409 2051 1478 dia·

344 1531 465 1595 lectica
488 1529 694 1614 florebat-tt).
741 1530 896 1595 Parodus
920 1547 1025 1614 atque
1048 1533 1188 1597 stasima
1216 1534 1441 1620 etragoedia
1470 1535 1618 1600 sortasse
1645 1549 1787 1618 recepta
1808 1549 1897 1598 sunt.
1943 1532 2051 1598 Paulo

337 1655 442 1720 'aliter
457 1677 565 1719 resse
581 1653 710 1719 habere
732 1656 870 1721 videtur
894 1657 939 1720 de
955 1656 1118 1742 prologo
1156 1659 1369 1723 Mirabantur
1392 1659 1533 1744 olimii),
1556 1661 1652 1743 quod
1676 1660 1721 1724 de
1737 1658 1876 1724 Cratete
1899 1657 2049 1742 loquitur

344 1779 561 1858 Aristoteles,
586 1795 677 1844 tacet
701 1781 745 1844 de
769 1779 919 1860 Cratino,
944 1780 1051 1846 multo
1076 1782 1205 1847 maiore
1236 1798 1357 1866 poeta:
1381 1783 1495 1870 hodie
1528 1803 1646 1848 omnes
1677 1783 1803 1847 scimus
1829 1783 1957 1847 factum
1980 1783 2047 1846 hoc

345 1927 432 1983 esse,
457 1905 538 1988 quia
554 1906 697 1991 ίαμβικὴν
714 1907 807 1990 ἰδέαν,
831 1906 863 1969 in
880 1926 949 1988 qua
966 1905 1182 1972 excellebant
1199 1905 1357 1972 Cratinus
1374 1907 1516 1991 eiusque
1535 1928 1764 1986 successores,
1789 1907 2001 1991 despiciebat
2009 1905 2051 1988 3⁴)

344 2052 490 2113 eamque
513 2031 560 2094 ob
584 2051 722 2094 causam
745 2031 854 2096 veteri
878 2031 1079 2096 comoediae
1106 2033 1326 2115 praeferebat
1354 2033 1511 2111 mediam,
1542 2033 1596 2096 cui
1620 2031 1742 2098 Crates
1756 2045 1805 2096 'et
1828 2033 2050 2097 Pherecrates

343 2155 433 2220 viam
457 2171 739 2221 monstraverant.
777 2155 1000 2221 Nihilominus
1024 2157 1124 2221 etiam
1142 2155 1299 2224 Cratinus
1322 2158 1472 2223 imitator
1495 2175 1568 2223 erat
1590 2155 1795 2236 Siculorum,
1819 2177 1885 2222 non
1901 2158 2050 2241 quidem,

343 2293 386 2344 ut·
397 2280 467 2344 duo
484 2280 531 2344 illi
548 2297 685 2365 poetae,
710 2283 741 2345 in
757 2282 968 2367 argumentis
986 2303 1005 2345 e
1029 2282 1100 2346 vita
1116 2281 1289 2346 hortunam
1305 2283 1477 2347 cotidiana
1500 2282 1727 2366 depromptis,
1751 2281 1812 2345 sed
1837 2282 1869 2344 in
1894 2281 2049 2364 parodiis

343 2421 456 2470 tamen
480 2406 735 2492 mythologicis.
781 2406 891 2491 Atqui
927 2407 1129 2498 comoediae
1162 2406 1359 2491 Epicharmi
1394 2407 1557 2472 habuisse
1591 2406 1750 2472 videntur
1785 2405 1982 2491 prologum,
2018 2406 2049 2469 in

343 2553 415 2615 quo
430 2532 507 2614 ipse
523 2546 629 2614 poeta
652 2533 685 2595 in
700 2552 857 2626 scaenam
873 2533 1002 2615 prodiit
1025 2532 1212 2616 docuitque
1235 2547 1452 2617 spectatores
1475 2534 1520 2597 de
1543 2547 1746 2619 argumento
1769 2531 1842 2596 ludi
1864 2530 2047 2614 sequentis.

344 2657 431 2721 Dico
456 2657 668 2734 ,videntur“,
699 2678 775 2720 nam
799 2678 854 2720 res
878 2676 943 2720 non
967 2671 1018 2721 est
1044 2672 1148 2736 certa,
1178 2658 1241 2722 sed
1274 2659 1421 2722 fortasse
1451 2657 1549 2723 aliter
1579 2674 1658 2722 sunt
1681 2654 1936 2740 explicandail)
1960 2674 2051 2739 quae

344 2795 458 2845 narrat
481 2780 594 2844 Laert.
619 2777 722 2866 Diog.
747 2781 836 2858 Vlll,
861 2782 913 2865 78.
959 2779 1149 2868 Ἐπίχαρμος
1170 2831 1178 2846 .
1200 2832 1235 2848 ..
1258 2784 1428 2870 Κῷος...
1452 2792 1637 2870 τριμηνιαῖος
1660 2780 1687 2848 δ’
1710 2783 1859 2868 ὑπάρχων
1881 2781 2049 2866 ἀπηνέχθη

342 2917 397 2989 τῆς
419 2904 562 2984 Σικελίας
585 2907 628 2984 εἰς
647 2905 787 2990 Μέγαρα,
811 2907 957 2972 ἐντεῦθεν
980 2908 1014 2971 δέ
1038 2907 1080 2982 εἰς
1100 2907 1313 2993 Συρακούσας,
1337 2911 1378 2986 ὥς
1401 2931 1476 2994 φησι
1499 2911 1553 2973 καί
1576 2911 1669 2986 αι’κιδς
1691 2909 1724 2974 έν
1746 2919 1808 2986 τοῖς
1832 2907 2049 2992 συγγράμμασι

343 3045 377 3092 et
401 3029 454 3106 Ill,
475 3049 525 3114 17.
548 3032 594 3096 δτι
617 3027 645 3096 δ’
668 3027 733 3096 οὐδ’
756 3033 847 3110 αὐτὸς
868 3027 1057 3118 Ἐπίχαρμος
1080 3033 1185 3116 ἠγνόει
1208 3037 1264 3118 τὴν
1287 3033 1383 3098 αὐτοῦ
1406 3031 1528 3118 σοφίαν,
1556 3035 1669 3118 μαθεῖν
1692 3035 1756 3098 ἔστι
1780 3033 1844 3098 κάκ
1866 3033 1993 3111 τούτων,
2017 3033 2050 3096 ἐν

343 3153 387 3232 οίς
409 3159 463 3220 τὸν
486 3155 669 3240 ζηλώσοντα
691 3157 950 3244 προμαντεύεται·

715 3280 756 3360 ὡς
780 3279 808 3348 δ’
830 3284 893 3368 ἐγὼ
916 3284 1018 3349 δοκέω
1041 3281 1156 3368 (δοκέω
1179 3279 1263 3368 γάρ),
1287 3283 1374 3367 σάφα
1397 3284 1483 3368 ἴσαμι
1505 3285 1598 3366 τοῦθ,
1621 3286 1668 3349 δτι

715 3417 778 3473 τῶν
800 3409 884 3494 ἐμῶν
907 3409 1012 3494 μνάμα
1033 3405 1107 3474 ποκ’
1129 3407 1264 3474 ἐσσείται
1286 3408 1389 3493 λόγων
1411 3419 1529 3474 τουτων
1552 3411 1607 3492 έτι,

716 3535 769 3597 καί
792 3532 897 3618 λαβὼν
919 3556 964 3610 τις
987 3536 1067 3599 αὐτὰ
1089 3534 1253 3618 περιδύσας
1275 3536 1312 3598 τὸ
1336 3533 1456 3619 μέτρον,
1480 3536 1498 3598 ὃ
1521 3545 1574 3600 νῦν
1597 3536 1661 3620 ἔχει

715 3656 796 3740 είμα,
820 3659 891 3732 δοὺς
914 3661 967 3722 καί
990 3659 1151 3744 πορφύραν
1173 3661 1293 3744 λόγοισι
1316 3660 1459 3738 ποικίλας
1481 3662 1600 3743 καλοῖς,

714 3781 942 3860 δυσπάλαιστος
965 3781 1008 3849 ὧν
1030 3787 1083 3861 τδς
1106 3785 1222 3862 ἀλλους
1244 3785 1468 3862 εὐπαλαίστους
1491 3787 1646 3870 ἀποφανεῖ

343 3931 385 3958 =
410 3905 448 3968 fr.
473 3904 510 3984 B,
539 3927 550 3966 r
580 3904 660 3968 Lor.
694 3906 848 3985 Quartus
871 3929 993 3972 versus
1021 3924 1074 3972 est
1096 3909 1219 3973 misere
1243 3925 1439 3992 corruptus:
1473 3908 1702 3974 Abrensius
1726 3909 1867 3972 coniecit
1891 3907 1971 3994 είμα,
1995 3911 2048 3972 καί

342 4033 412 4106 δοὺς
435 4031 596 4116 πορφύραν
618 4032 733 4116 ἔργοισι
756 4033 900 4098 ποικίλαν
922 4033 1040 4112 καλοῖς.
1087 4031 1190 4096 Certe
1221 4035 1431 4099 concordant
1462 4055 1539 4098 cum
1569 4035 1734 4100 sententia
1762 4033 1842 4097 mihi
1866 4032 2048 4116 proposita

342 4151 481 4238 prologi
505 4154 678 4237 Equitum,
695 4156 900 4240 Vesparum,
918 4157 1025 4235 Pacis,
1050 4157 1181 4241 quippe
1203 4159 1235 4222 in
1259 4159 1385 4242 quibus
1409 4178 1473 4223 non
1496 4160 1571 4243 ipse
1594 4159 1733 4244 quidem
1757 4174 1873 4243 poeta,
1897 4175 1933 4223 at
1956 4157 2048 4222 servi

343 4294 454 4343 tamen
483 4280 620 4362 quidam
652 4283 696 4344 ad
731 4282 826 4364 ipsos
857 4297 1072 4366 spectatores
1107 4305 1145 4348 se
1180 4297 1353 4348 vertentes
1388 4284 1437 4348 eis
1472 4285 1737 4367 expositionem,
1773 4305 1875 4366 quam
1910 4299 2046 4362 vocant,

343 4403 481 4468 fabulae
506 4405 651 4470 tradant.
697 4405 768 4471 Sed
792 4407 859 4472 hoc
882 4425 918 4473 ut
942 4424 1036 4473 recte
1061 4408 1273 4487 coniecerim,
1297 4428 1363 4472 non
1387 4409 1495 4474 minus
1519 4425 1631 4473 tamen
1654 4431 1774 4474 verum
1799 4425 1861 4487 est,
1892 4409 1927 4474 id
1951 4411 2046 4492 quod

342 4529 589 4595 demonstravit
612 4531 889 4618 Franrztus³⁶)‚
913 4533 945 4598 in
968 4533 1142 4617 prioribus
1157 4534 1400 4618 Aristophanis
1418 4536 1616 4614 comoediis,
1640 4536 1798 4619 quamvis
1815 4537 1952 4601 diversa
1975 4536 2047 4598 duo

501 4671 534 4738 ⁵²⁰)
553 4674 581 4724 ln
600 4673 734 4738 Philologi
753 4675 792 4728 xt
811 4675 902 4740 (1857)
920 4696 956 4720 =
973 4675 1070 4726 Klelue
1088 4677 1182 4742 phllol.
1201 4676 1334 4728 Schriften
1354 4679 1384 4730 ll.
1405 4695 1431 4744 p.
1453 4689 1512 4738 731.
1531 4695 1575 4729 no.
1597 4689 1638 4738 51.

501 4759 534 4826 ³⁰)
553 4763 582 4813 L·
604 4763 621 4812 ¹·
639 4778 667 4827 n·
686 4773 703 4823 9
722 4779 782 4827 sm·

500 4848 534 4916 31)
552 4852 652 4902 Metrilr
671 4851 730 4902 111¹.
748 4867 776 4917 p.
796 4853 829 4903 88
849 4868 910 4916 sqq.
928 4873 965 4897 =
983 4851 1042 4917 111³,
1063 4865 1086 4904 2.
1106 4869 1133 4919 p.
1156 4865 1205 4915 133
1223 4871 1283 4921 sqq.

501 4937 534 5004 ³²)
554 4941 638 4990 Recte
657 4941 709 4990 hoe
728 4943 828 4992 monuit
846 4942 1008 4991 Maasslus
1027 4943 1118 4993 Herm.
1129 4944 1215 4994 XXll.
1238 4946 1360 5012 188729·
1375 4947 1435 5004 585.
1454 4962 1478 4996 n.
1499 4958 1514 4996 2
1534 4957 1626 4996 contra
1645 4947 1862 4998 Ziellusltium
1882 4948 1898 4999 l.
1912 4949 1929 5000 l.
1942 4965 1971 5015 p.
1987 4952 2046 5014 184.

501 5025 534 5092 33)
553 5028 632 5093 Quin,
652 5031 755 5079 etiamsi
769 5030 835 5080 alias
855 5030 892 5080 ob
912 5045 1014 5095 musas,
1033 5032 1162 5082 iuniorem
1177 5035 1284 5084 Cratete
1303 5034 1385 5085 luisse
1398 5036 1530 5086 Cratinum
1550 5039 1674 5100 opinatur
1692 5037 1924 5101 Bernhardyns
1943 5039 2045 5090 Grund-

340 5118 390 5166 riss
410 5117 458 5168 der
475 5119 577 5182 grlecb.
597 5119 740 5169 Litteratur
759 5117 805 5185 11³,
826 5133 849 5172 2.
869 5137 897 5186 p.
918 5123 977 5179 586.

500 5204 533 5272 ³⁸)
552 5207 610 5258 Em.
629 5209 687 5260 Nte
708 5208 752 5273 lv,
775 5222 813 5274 ¹4
836 5213 924 5262 1128·
949 5221 1056 5271 ιιι-25.
1094 5213 1128 5263 ct.
1147 5213 1222 5262 Poet.
1240 5231 1266 5277 4.
1288 5215 1376 5278 14481)
1395 5225 1554 5278 34-ι449·
1573 5227 1598 5266 2.

500 5293 533 5360 3ὅ)
552 5297 595 5346 De
614 5299 663 5347 hac
682 5314 713 5348 re
732 5313 758 5348 v.
777 5299 948 5350 Susemihl.
968 5301 1020 5349 Die
1039 5303 1272 5366 Ψευδοπιχάρμεια,
1292 5304 1318 5351 ln
1337 5302 1470 5366 Philologi
1490 5303 1556 5353 Llll.
1575 5305 1618 5368 (N.
1637 5305 1665 5354 S.
1685 5304 1762 5369 vlt).
1786 5307 1861 5370 1804.
1880 5321 1907 5372 p.
1928 5309 1987 5366 567.

500 5383 533 5450 δ’)
554 5386 585 5436 L.
604 5387 620 5436 1.
640 5403 667 5452 p.
690 5399 782 5446 1-15.
