4850 5918
1176 321 1225 388 Vl

349 535 482 620 Birger
505 535 644 618 (Polyb.
669 536 726 616 IV,
740 535 806 620 53).
843 537 971 602 Darum
990 539 1143 603 erwtlhnt
1160 540 1221 601 der
1238 538 1419 602 Verlasser
1434 537 1545 600 dieser
1561 537 1593 600 in
1609 537 1675 600 den
1691 535 1786 600 Text
1809 535 2053 619 gedrungenen

350 661 547 739 Randnotiz,
573 663 654 726 dass
677 662 786 726 selbst
810 665 897 726 noch
922 667 953 726 in
976 668 1134 748 spaterer
1157 664 1228 727 Zeit
1252 664 1309 727 die
1333 663 1625 727 nichtlakonische
1649 659 1968 727 Umwohnerschalt
1991 659 2053 722 des

348 787 560 871 ehemaligen
585 787 723 870 Lyktos
754 789 810 852 die
833 788 923 853 alten
948 789 1057 853 Sitten
1088 813 1126 853 zu
1158 788 1309 853 erhalten
1343 789 1500 853 bellissen
1525 795 1630 852 war“.
1676 787 1725 850 At
1748 787 1797 851 sic
1820 785 1921 849 etiam
1946 785 2053 848 minus

347 913 478 979 servari
503 929 647 996 possunt
672 914 779 978 verba
802 915 949 997 repetita
972 919 1029 1000 τὴν
1051 917 1136 994 τάξιν
1158 927 1220 982 τῶν
1244 917 1359 1001 νόμωνε
1394 937 1471 978 num
1498 935 1583 978 vero
1616 913 1806 997 probabilis
1838 927 1891 975 est
1920 910 2054 994 duplex

348 1037 515 1102 eiusmodi
539 1038 777 1122 interpolatio?
808 1059 918 1104 nonne
942 1040 1157 1124 probabilior
1179 1039 1349 1104 subiectio
1372 1039 1518 1104 continui
1543 1037 1648 1102 totius
1671 1036 1757 1100 loci?
1790 1037 1894 1100 Certe
1917 1034 1998 1117 quia
2021 1035 2053 1098 in

348 1162 468 1228 Politia
492 1163 704 1228 Cretensium
729 1182 938 1230 memoratus
961 1183 1033 1230 erat
1057 1165 1170 1230 Minos
1193 1165 1322 1249 primus
1345 1185 1464 1229 eorum
1487 1163 1707 1249 legumlator,
1732 1161 1865 1225 minime
1887 1182 1978 1244 opus
2002 1177 2054 1224 est

347 1290 449 1352 etiam
482 1291 513 1352 in
538 1289 687 1354 Politicis
720 1312 798 1354 eum
831 1291 875 1354 ab
904 1290 1095 1355 Aristotele
1129 1312 1194 1354 non
1228 1311 1303 1355 esse
1335 1290 1471 1354 silentio
1501 1288 1788 1372 praetermissum.
1835 1285 1942 1350 Aliud
1966 1285 2054 1350 enirn

347 1415 516 1480 scribendi
540 1437 650 1501 genus
675 1417 706 1478 in
730 1415 869 1493 Politiis,
894 1415 985 1479 aliud
1011 1417 1042 1479 in
1060 1416 1209 1479 Politicis
1233 1417 1388 1480 adhibuit
1412 1416 1651 1500 philosophus,
1677 1414 1772 1478 cuius
1795 1414 1841 1476 de
1863 1411 2054 1476 discrimine

347 1540 510 1604 historiae
533 1556 567 1604 et
593 1540 834 1624 philosophiae
862 1541 1020 1605 iudicium
1045 1542 1077 1604 in
1102 1542 1198 1606 Poet.
1222 1564 1253 1626 9.
1283 1541 1385 1626 1451¹³
1409 1562 1427 1626 5
1452 1563 1529 1625 sqq.
1554 1541 1694 1604 lactum:
1727 1538 1977 1624 φιλοσοφώτερον
2000 1541 2054 1603 καί

346 1668 586 1751 σπουδαιότερον
615 1664 736 1752 ποίησις
766 1665 899 1752 ἱστορίας
928 1668 1059 1753 ἐστίν·ἡ
1083 1669 1138 1752 μέν
1160 1669 1221 1753 γὰρ
1243 1667 1363 1752 ποίησις
1387 1665 1506 1754 μᾶλλον
1528 1673 1568 1734 τὰ
1589 1667 1744 1748 καθόλου,
1773 1667 1794 1750 ἡ
1818 1665 1852 1731 δὲ
1876 1664 1993 1750 ἱστορία
2014 1667 2055 1729 τὰ

347 1789 426 1858 καθ’
447 1795 582 1858 ἕκαστον
605 1791 689 1877 λέγει
712 1813 742 1854 κ.
767 1814 792 1856 τ.
816 1794 846 1859 λ.
874 1793 905 1856 in
930 1794 1094 1856 memoria
1126 1810 1242 1856 tenere
1275 1795 1379 1858 debet
1412 1794 1470 1878 qui
1503 1793 1579 1877 ipse
1612 1791 1686 1857 vult
1714 1806 1808 1854 recte
1835 1789 1986 1852 iudicare
2008 1791 2053 1852 de

347 1918 478 1980 ratione
503 1917 679 2000 utriusque
703 1919 901 1982 tractandae
924 1920 970 1982 ab
994 1939 1037 1982 eo
1061 1919 1223 1984 adbibita.
1263 1920 1333 1983 lam
1349 1920 1432 2004 quid
1448 1921 1494 1984 ad
1519 1918 1627 1996 crisin,
1651 1918 1704 1982 cui
1727 1916 1887 1982 subicere
1909 1917 2053 1979 lormam

347 2044 558 2127 reipublicae
574 2045 859 2110 administrandae
876 2044 1098 2123 Cretensium,
1123 2045 1235 2128 qualis
1251 2044 1450 2109 Aristotelis
1473 2060 1631 2128 tempore
1654 2060 1737 2122 erat,
1761 2042 1857 2108 solus
1880 2059 1933 2107 est
1952 2042 2052 2106 huius

348 2168 469 2252 capitis
492 2169 575 2248 linis,
601 2170 694 2253 quid,
719 2191 860 2255 quaes0,
887 2171 1028 2250 confert,
1054 2189 1164 2236 utrum
1182 2171 1269 2249 talis,
1288 2169 1399 2254 qualis
1414 2172 1460 2234 ab
1477 2171 1569 2234 initio
1586 2172 1707 2248 suerat,
1731 2185 1914 2251 antequam
1931 2190 2051 2254 regum

347 2295 460 2359 officia
482 2297 527 2359 ad
544 2317 681 2362 cosmos
697 2297 886 2376 transirent,
910 2320 931 2362 a
950 2298 1064 2362 Minoe
1087 2299 1130 2362 sit
1153 2320 1196 2362 an
1219 2298 1264 2361 ab
1288 2297 1357 2361 alio
1381 2299 1528 2383 condita,
1553 2313 1587 2361 et
1610 2313 1723 2360 utrum
1739 2296 1849 2360 Minos
1872 2294 2051 2378 imperium

348 2420 471 2485 navale
495 2423 687 2486 exercuerit
711 2423 941 2507 cecideritque
964 2423 995 2488 in
1019 2423 1134 2490 Sicilia
1156 2445 1198 2487 an
1222 2423 1306 2487 non?
1331 2423 1521 2509 Conferret‚
1544 2422 1573 2487 si
1597 2421 1779 2486 Cretenses
1802 2422 1902 2486 etiam
1928 2437 2052 2504 postea

347 2546 417 2611 tale
439 2547 617 2631 imperium
641 2549 865 2614 obtinuissent
889 2565 923 2614 et
948 2550 1013 2613 boc
1038 2572 1084 2614 ex
1107 2566 1206 2633 parte
1230 2549 1351 2614 saltem
1375 2550 1500 2613 sactum
1525 2563 1616 2612 esset
1639 2547 1703 2612 hac
1726 2548 1845 2612 forma.
1885 2547 1935 2611 At
1951 2546 2052 2630 plane

347 2673 551 2738 contrarium
589 2674 669 2738 dicit
704 2674 779 2757 ipse
814 2673 1033 2739 Aristoteles.
1091 2675 1195 2755 Quod
1233 2674 1337 2739 Creta
1373 2689 1517 2756 propter
1551 2673 1653 2737 situm
1688 2689 1760 2737 tum
1792 2673 1837 2736 ad
1873 2673 2051 2755 imperium

348 2798 550 2861 maritimum
585 2800 855 2881 recuperandum
892 2815 963 2863 tum
997 2803 1041 2864 ad
1078 2801 1226 2885 quietem
1262 2801 1306 2862 ab
1342 2799 1493 2863 externis
1527 2799 1684 2864 hostibus
1718 2797 1850 2861 minime
1879 2798 2050 2862 turbatam

347 2923 548 3005 capiendam
577 2923 698 3008 (1272b
727 2923 868 3007 15-22)
900 2940 983 3007 apta
1015 2925 1161 3003 videtur,
1196 2946 1261 2989 non
1293 2926 1339 2988 ita
1370 2925 1518 3009 quidem,
1551 2924 1585 2988 id
1610 2925 1705 3007 quod
1728 2924 1873 2987 libenter
1896 2923 2051 2987 concedo

349 3048 609 3134 Holzingero‚
633 3049 711 3112 huic
735 3049 783 3112 rei
806 3049 865 3114 illa
889 3051 1100 3129 contradicit,
1132 3068 1167 3115 ut
1199 3067 1347 3134 nequeat
1378 3073 1454 3114 cum
1479 3071 1520 3113 ea
1544 3050 1742 3126 consociari,
1775 3050 1838 3113 sed
1861 3048 1890 3112 si
1913 3047 2051 3112 omnino

347 3177 691 3253 commemorabatur,
724 3179 953 3241 consocianda
986 3195 1070 3255 erat,
1105 3199 1168 3241 non
1201 3178 1249 3241 ita
1281 3175 1484 3259 separanda,
1518 3190 1553 3239 ut
1586 3190 1664 3238 ante
1692 3175 1790 3238 crisin
1819 3173 1895 3239 sola
1921 3172 1990 3251 illa,
2019 3173 2050 3236 in

346 3301 422 3383 ipsa
446 3301 522 3365 crisi
545 3301 620 3364 sola
644 3302 730 3366 haec
753 3303 949 3366 afferretur:
972 3303 1021 3366 sic
1045 3304 1130 3366 enirn
1156 3325 1280 3386 reapse
1303 3317 1400 3366 extat
1421 3301 1705 3384 contradictio.¹¹)
1741 3300 1862 3382 Neque
1885 3301 1929 3363 ad
1954 3320 2053 3382 prae·

347 3427 501 3491 cedentia
534 3427 725 3491 accuratius
756 3427 957 3492 illustranda
988 3445 1021 3492 et
1055 3428 1274 3511 explananda
1309 3428 1497 3510 quidquam
1533 3426 1712 3510 proficiunt
1746 3425 1855 3489 verba
1886 3428 1973 3492 δοκεῖ
2003 3421 2052 3511 δ’ἠ

346 3553 643 3638 νῆσος-Κοίμικον.

506 3679 602 3742 Nunc
640 3679 685 3742 de
723 3679 982 3744 Poeticorum
1029 3679 1142 3762 capite
1188 3678 1307 3742 ultimo
1350 3677 1508 3743 nonnulla
1547 3677 1669 3742 adicio.
1729 3676 1924 3741 Secundum
1964 3677 2049 3740 enirn

347 3802 567 3888 Vahleniffl)
591 3805 818 3868 coniecturam
844 3821 878 3868 et
902 3804 1107 3869 Vahlenus
1139 3805 1169 3868 in
1204 3805 1313 3888 prima
1344 3805 1443 3868 huius
1474 3803 1630 3886 opusculi
1661 3803 1809 3866 editione
1836 3824 1899 3866 sua
1922 3820 1956 3866 et
1981 3823 2050 3886 ego

347 3931 377 3992 in
390 3929 498 3994 altera
513 3951 587 3992 mea
600 3929 630 3993 in
646 3930 760 3994 verbis
778 3931 880 4014 1461¹⁹
898 3934 1092 4013 26—14622
1106 3950 1129 4012 4
1145 3930 1275 4016 ποτερον
1290 3933 1324 3996 δέ
1341 3928 1468 4015 βελτίων
1484 3932 1504 4014 ἡ
1520 3929 1683 4012 ἑποιτοιικὴ
1696 3926 1750 4012 (an
1767 3927 2050 4013 inonotqrnth‘l)¹³)

346 4058 468 4141 μίμησις
490 4059 511 4141 ἡ
534 4059 555 4141 ἡ
578 4060 708 4142 τραγικὴ
734 4056 872 4142 βελτίων,
895 4058 1078 4142 ἀπορήσειεν
1102 4061 1139 4121 ἄν
1162 4077 1206 4132 τις
1223 4105 1231 4119 .
1248 4057 1275 4120 εἰ
1297 4059 1356 4140 γὰρ
1379 4057 1399 4141 ἡ
1422 4055 1515 4140 ἧττον
1537 4058 1667 4139 φορτικὴ
1692 4053 1829 4138 βελτίων,
1852 4051 1978 4138 τοιαύτη
2002 4049 2050 4137 δ’ἠ

346 4185 420 4266 πρὸς
445 4179 581 4266 βελτίους
605 4181 723 4260 θεατάς
746 4183 827 4248 ἐστιν
850 4183 909 4264 ἀεί,
941 4182 1010 4247 λίαν
1042 4183 1136 4268 δῆλον
1168 4184 1214 4248 ὅτι
1245 4184 1265 4266 ἡ
1297 4185 1421 4247 ἅπαντα
1452 4181 1620 4266 μιμουμένη
1654 4180 1809 4265 φορτική·
1827 4180 1869 4254 ὡς
1900 4183 1960 4265 γὰρ
1991 4182 2050 4244 οὐκ

346 4307 591 4392 αἰσθανομένων,
615 4310 652 4372 ἂν
669 4311 710 4392 μὴ
725 4307 817 4384 αὐτὸς
833 4311 970 4393 προσθῇ,
994 4309 1114 4392 πολλὴν
1129 4309 1247 4393 κίνησιν
1263 4319 1430 4389 ποιοῦνται,
1454 4305 1517 4370 οίον
1533 4306 1688 4390 οἱφαῦλοι
1712 4305 1842 4390 αὐληταί
1865 4305 2050 4389 κυλιόμενοι,

345 4435 383 4498 ἂν
399 4433 504 4499 δίσκον
520 4433 574 4519 δὲῃ
591 4437 762 4520 μιμεῖσθαι,
785 4437 838 4499 καί
853 4434 997 4511 ἑλκόντες
1016 4437 1069 4500 τὸν
1089 4445 1266 4519 κορυφαῖον,
1291 4435 1328 4498 ἂν
1351 4433 1496 4498 Σκύλλαν
1520 4431 1679 4496 αὐλῶσιν.
1696 4433 1717 4516 ἡ
1739 4429 1794 4516 μὲν
1818 4428 1871 4496 οὖν
1893 4429 2050 4516 τραγῳδία

508 4647 537 4708 ¹¹)
557 4649 614 4698 Una
633 4659 730 4699 tantum
750 4649 775 4697 in
795 4664 824 4697 re
843 4649 940 4712 erravi,
960 4647 1031 4712 quod
1051 4648 1067 4698 1.
1087 4648 1104 4700 l.
1123 4665 1150 4713 p.
1171 4663 1221 4712 377
1244 4649 1353 4711 scripsi:
1381 4647 1591 4710 πάσῃ-πάντων
1609 4647 1700 4694 mirum
1720 4647 1845 4710 prolecto
1865 4655 1904 4695 est
1923 4645 2049 4711 loquendi

345 4755 430 4800 genus
449 4738 482 4786 ad
502 4738 676 4800 significanda
694 4739 772 4788 haec:
794 4740 936 4796 „universo
954 4740 1022 4787 enim
1042 4740 1157 4788 imminet
1176 4738 1242 4788 mari
1261 4739 1295 4798 ei,
1315 4739 1386 4786 circa
1400 4735 1473 4800 quod
1493 4735 1610 4784 habitant
1623 4735 1721 4784 Graecl
1740 4735 1797 4785 sere
1816 4743 1936 4786 omnes“.
1967 4737 2049 4785 Immo

344 4845 437 4878 sensus
457 4839 505 4890 est,
523 4839 550 4878 ut
569 4845 627 4878 eum
648 4829 806 4878 Germanice
826 4827 944 4890 reddam,
960 4829 1014 4878 hic:
1042 4829 1183 4887 „wahrend
1203 4829 1259 4878 sich
1284 4829 1334 4878 last
1358 4827 1410 4876 alle
1434 4827 1555 4891 (andern)
1574 4827 1708 4876 Griechen
1733 4841 1775 4875 um
1799 4825 1847 4874 das
1865 4825 1941 4874 Meet
1959 4827 2049 4875 herum

346 4917 563 4981 niedergelassen
587 4917 682 4982 haben,
710 4917 775 4981 ltegt
796 4918 878 4967 llreta
905 4933 937 4966 so
966 4919 1039 4968 recht
1068 4918 1146 4967 draul
1170 4921 1218 4968 aul
1240 4919 1299 4968 dem
1324 4933 1426 4982 ganzen
1451 4919 1570 4966 Meere“.
1606 4917 1727 4966 Attamen
1753 4931 1839 4964 nonne
1865 4917 1917 4965 boc
1941 4933 2050 4981 quoque

345 5008 471 5058 offendit?
490 5009 556 5056 Num
575 5009 644 5058 enirn
664 5023 716 5056 non
736 5019 808 5057 extat
821 5006 996 5056 occidentalis
1009 5023 1117 5071 quoque
1131 5009 1209 5058 maris
1224 5024 1286 5073 pars
1300 5007 1450 5058 accolarum
1465 5006 1629 5056 Graecorum
1644 5005 1731 5068 plena,
1751 5007 1792 5052 cul
1812 5005 1918 5054 minime
1935 5007 2049 5054 imminet

346 5097 440 5146 Creta?
459 5098 571 5146 Nimium
591 5099 669 5160 igitur
688 5097 728 5147 his
749 5095 839 5146 verbis
859 5095 954 5145 dictum
974 5107 1022 5146 est.

507 5185 537 5250 ιί)
557 5187 683 5250 Beitrage
701 5203 731 5237 zu
751 5187 860 5236 Arlstot.
880 5185 954 5235 Poet.
973 5185 1018 5235 1v.
1037 5202 1064 5250 p.
1084 5202 1134 5248 39²
1154 5203 1215 5250 sqq.

509 5274 538 5340 1ί)
559 5276 591 5326 V.
610 5277 700 5326 harum
720 5278 902 5342 quaestionum
922 5286 990 5340 part.
1011 5277 1040 5326 ll.
1060 5292 1087 5340 p.
1107 5276 1151 5325 tv.
