4850 5918
1122 321 1334 438 *Pl-e
1395 387 1397 394 ·

375 560 484 630 taxat,
515 553 576 616 sed
601 551 667 618 εἶτα
697 555 750 618 καί
783 553 967 636 scripserit,
1004 575 1127 637 reapse
1159 555 1258 618 etiam
1296 554 1427 618 traditis
1463 554 1588 631 verbis,
1626 553 1757 618 etiamsi
1793 554 1901 618 minus
1937 555 2024 618 bene
2047 571 2081 618 et

375 679 567 760 perspicue,
593 699 761 760 expressa
796 695 874 741 sunt
909 700 999 761 quae
1035 680 1149 742 dicere
1185 695 1217 743 et
1255 680 1363 744 voluit
1399 696 1433 742 et
1469 679 1598 743 debuit.
1648 681 1766 762 ltaque
1797 702 1873 743 cum
1899 679 2081 744 Vahleno

376 803 491 884 potius
515 823 579 885 pro
603 797 642 868 δι’
664 805 701 890 ἧς
725 804 969 868 restituendum
995 822 1046 868 est
1070 821 1128 868 aut
1157 805 1204 882 αίς
1228 822 1286 868 aut
1310 802 1348 870 δι’
1371 806 1417 883 ἃς.
1467 805 1627 867 Fortasse
1660 805 1793 881 deinde,
1829 821 1865 868 ut
1896 806 1966 868 duo
1998 804 2082 868 baec

374 928 547 992 enuntiata
571 931 635 994 ἔστι
663 927 707 1012 δέ,
739 932 785 994 ὅτι
815 926 905 995 πάντ’
933 932 999 1015 ἔχει
1029 931 1146 1015 ὅσαπερ
1174 933 1194 1016 ἡ
1222 931 1374 1012 ἑποποιία,
1402 935 1455 995 καί
1478 933 1522 995 ἔτι
1546 933 1582 995 οὐ
1608 935 1715 1016 μικρὸν
1739 931 1828 1018 μέρος
1852 935 1907 1015 τὴν
1932 935 2081 1018 μουσικὴν

373 1058 426 1120 καί
449 1059 503 1132 τὰς
527 1057 622 1141 ὄψεις,
647 1057 694 1133 αῖς
717 1057 749 1120 οιί
770 1057 877 1142 ἡδοναί
901 1057 1095 1122 συνίστανται
1122 1059 1332 1142 ἐναργέστατα
1365 1072 1398 1119 et
1431 1055 1497 1122 εἶτα
1529 1059 1582 1121 καί
1614 1060 1649 1120 rb
1673 1058 1952 1141 ἐναργες-ἔργων
1975 1056 2081 1120 artius

374 1181 459 1243 inter
482 1201 519 1243 se
540 1181 800 1256 continerentur,
825 1181 910 1244 sicut
934 1197 1010 1244 sunt
1035 1180 1297 1265 continenda'll),
1324 1196 1472 1244 mutatur
1496 1183 1718 1245 constructio:
1752 1185 1797 1248 ἔτι
1820 1193 1863 1266 τῷ
1887 1185 1919 1248 ἐν
1942 1183 2081 1250 ἐλάττονι

373 1307 464 1391 μήκει
487 1309 523 1371 τὸ
545 1307 633 1383 τέλος
655 1317 709 1391 τῆς
734 1308 889 1391 μιμήσεώς
912 1306 988 1372 είνοα
1015 1305 1063 1391 (ν.
1095 1309 1130 1370 18
1156 1328 1221 1389 sq.:
1255 1307 1417 1390 intellege
1440 1310 1589 1393 κρείττων
1610 1307 1699 1390 ἐστί),
1731 1325 1947 1390 quapropter
1971 1312 2079 1371 conie-

373 1447 503 1494 cturam
529 1449 561 1494 et
586 1430 788 1495 lenissimam
818 1447 852 1494 et
876 1432 1015 1495 forsitan
1050 1450 1176 1496 rectam
1210 1438 1246 1498 τὸ
1279 1455 1299 1496 a
1325 1432 1595 1504 Winstanleio
1628 1435 1842 1515 propositam
1876 1433 2025 1515 mihique
2049 1435 2079 1496 in

372 1557 522 1620 editione
545 1557 659 1639 priore
685 1573 856 1640 receptam
892 1574 924 1620 et
955 1579 1041 1622 nunc
1065 1581 1084 1622 a
1109 1559 1353 1642 Gomperzio
1379 1560 1560 1640 probatam
1595 1558 1624 1621 in
1662 1558 1854 1641 posteriore
1884 1559 1949 1622 sub
1979 1575 2079 1623 textu

372 1697 502 1745 tantum
527 1683 638 1764 posui.

533 1809 654 1892 Neque
678 1809 709 1872 in
734 1809 957 1891 sequentibus
986 1809 1087 1891 1462l
1121 1830 1201 1892 rsq.
1224 1813 1344 1897 τὸγὰρ
1372 1809 1573 1896 ἁθροώτερον
1600 1812 1686 1895 ἣδιον
1708 1813 1729 1895 ἡ
1753 1811 1861 1896 πολλῷ
1889 1811 2080 1896 κεκραμένον

371 1944 416 2020 τῷ
438 1936 541 2021 χρόνῳ
566 1935 636 1998 sine
662 1933 732 1998 ullo
761 1934 925 2018 scrupulo
958 1935 1136 2018 applicare
1169 1957 1223 1998 me
1256 1957 1398 2019 possum
1432 1935 1647 2017 Gomperzi
1681 1935 1868 1998 sententiae
1900 1944 1944 2022 τῷ
1976 1937 2078 2021 χρόνῳ

371 2059 588 2138 seclurlentis,
613 2062 772 2143 quoniam
799 2083 862 2125 non
887 2063 1008 2140 omnia,
1034 2063 1159 2145 quibus
1184 2061 1288 2124 multa
1312 2061 1550 2138 admiscentur,
1575 2060 1699 2124 haere
1725 2061 1808 2124 siunt
1827 2062 1934 2147 ὑδαρῆ,
1959 2062 2021 2125 sed
2038 2084 2078 2126 ea

372 2185 456 2261 sola,
482 2187 608 2267 quibus
633 2185 761 2270 liquida
786 2187 891 2251 multa
915 2188 1153 2265 admiscentur,
1179 2210 1219 2252 ea
1250 2208 1343 2264 vero,
1372 2208 1463 2270 quae
1496 2188 1682 2250 secundum
1715 2187 1880 2269 temporis
1913 2188 2077 2251 rationem

371 2310 498 2373 maiore
522 2311 670 2374 mixtura
687 2311 861 2395 longiores
878 2313 971 2388 fiunt,
997 2316 1133 2376 tandem
1151 2314 1335 2397 aliquando
1353 2313 1502 2378 excitant
1521 2313 1722 2376 molestiam.
1769 2313 1944 2377 Libentius
1962 2313 2076 2398 igitur,

371 2436 402 2498 ni
426 2433 537 2512 fallor,
561 2436 786 2501 tolerabimus
809 2438 967 2502 traditam
993 2439 1172 2504 lectionem
1197 2461 1300 2523 quarn
1325 2439 1540 2521 Gomperzi
1565 2438 1814 2516 correctionen,
1840 2460 1930 2522 quae
1955 2460 2078 2503 vereor

371 2581 412 2623 ne
436 2561 543 2624 maius
567 2560 691 2625 malum
717 2580 876 2645 procreet
900 2585 1003 2647 quam
1027 2567 1123 2648 quod
1146 2585 1267 2628 sanare
1291 2564 1375 2629 vult.

530 2685 658 2751 Contra
682 2705 774 2752 recte
797 2689 837 2773 ι’5
862 2691 1019 2776 μιμήσεως
1042 2691 1212 2774 ¹expunxit
1237 2692 1290 2754 vir
1320 2690 1548 2767 doctissimus
1574 2705 1735 2772 recteque
1760 2690 2011 2754 commendavit
2035 2689 2076 2752 ¹³6

336 2841 342 2856 ·
371 2810 511 2895 μείουρον
535 2833 555 2874 a
579 2811 764 2876 Cantotio
788 2815 1015 2896 propositum.
1062 2815 1177 2886 ,Porro
1200 2832 1278 2879 ante
1300 2817 1338 2900 b7
1365 2816 1447 2900 λέγω
1479 2818 1512 2880 δὲ
1536 2814 1599 2882 οίον
1632 2815 1787 2878 lacunam
1821 2815 2076 2899 agnoscendam

371 2957 447 3000 esse
464 2957 533 3020 ego
549 2957 688 3021 quoque
712 2960 798 3002 nunc
814 2939 982 3004 existimo.
1023 2941 1135 3019 Quam
1161 2941 1427 3024 Gomperzius
1450 2940 1498 3003 sic
1522 2939 1593 3002 fere
1610 2939 1818 3024 explendam
1843 2961 1919 3004 esse
1943 2957 2076 3004 conset:

369 3062 474 3140 ἄλλως
497 3063 531 3126 δὲ
553 3063 703 3146 ποικίλον,
728 3063 848 3127 melius
872 3065 962 3128 baud
988 3065 1094 3128 dubie
1117 3067 1269 3130 iudicans
1293 3061 1537 3145 Vahlenoffl),
1560 3065 1634 3142 sed,
1662 3064 1797 3146 siquid
1826 3065 1938 3143 video,
1969 3064 2076 3128 minus

372 3187 458 3249 bene
482 3187 772 3272 UeberwegiO,
802 3190 860 3272 qui
884 3193 938 3256 ἐὰν
968 3193 1002 3256 δὲ
1034 3189 1086 3278 μή,
1116 3192 1335 3277 ἐπεισοδιώδης
1364 3193 1385 3278 ἡ
1418 3193 1541 3278 μίμησις
1578 3191 1721 3254 addidit.
1781 3190 1890 3254 Huius
1929 3191 2076 3276 vestigia

369 3333 516 3394 sequens
539 3315 593 3378 ἐὰν
616 3315 650 3378 δὲ
674 3314 716 3400 μή
740 3313 808 3398 (uel
833 3335 908 3377 cum
940 3316 1183 3399 Gomperzio
1207 3319 1311 3395 ἄλλως
1334 3318 1393 3401 δὲ),
1417 3318 1618 3402 ἐπεισοδιώδη
1642 3316 1788 3379 conicio:
1825 3316 1953 3378 habent
1989 3317 2074 3379 enim

369 3436 466 3524 ὑδαρῆ
491 3454 524 3501 et
549 3439 661 3525 οδιώδη
687 3440 880 3504 maiusculis
896 3441 1024 3524 scripta
1047 3439 1297 3506 similitudinem
1322 3444 1494 3526 quandam
1517 3443 1717 3520 litterarum,
1743 3443 1832 3505 unde
1856 3442 1927 3504 fieri
1951 3443 2074 3524 potuit,

370 3580 405 3626 ut
429 3564 589 3647 antiquus
613 3563 770 3629 librarius
793 3580 865 3629 tum
889 3566 1063 3631 interiecta
1088 3568 1195 3632 verba
1218 3569 1392 3632 omitteret
1417 3584 1487 3632 tum
1512 3567 1723 3653 ἐπεισοδιώδη.

528 3689 600 3754 Sed
624 3711 714 3774 quae
737 3694 781 3753 de
803 3693 1084 3757 antecedentibus
1108 3713 1124 3778 7
1147 3696 1368 3760 ἀκολοθοῦντα
1391 3704 1434 3780 τῷ
1460 3663 1571 3781 ρίέτρου
1595 3695 1686 3781 μήκει
1703 3709 1816 3757 monet
1833 3693 2074 3776 Gomperzius:

372 3815 462 3890 „Der
485 3816 666 3882 Versasser
695 3817 757 3880 der
782 3817 903 3882 Poetik
932 3833 1013 3904 sagt
1043 3840 1105 3883 uns
1135 3819 1244 3884 selbst
1279 3823 1381 3903 1460n
1406 3821 1459 3882 as.
1494 3820 1525 3883 in
1560 3819 1669 3883 einem
1702 3819 1840 3896 Athem,
1874 3819 1955 3882 dass
1988 3819 2075 3882 noch

369 3940 533 4005 Niemand
559 3942 633 4005 eine
658 3946 762 4029 μακρὰ
784 3944 931 4022 σύστασις
954 3945 985 4007 in
1010 3945 1118 4008 einem
1143 3948 1269 4011 andern
1300 3946 1351 4009 als
1382 3946 1425 4008 im
1456 3945 1657 4009 heroischen
1680 3946 1861 4010 Versmass
1889 3943 2073 4028 gedicbtet‚

369 4067 436 4130 und
462 4067 542 4130 dass
566 4066 623 4130 die
647 4069 755 4132 Natur
777 4067 884 4132 selbst
910 4068 966 4132 die
990 4069 1171 4134 Menschen
1196 4073 1259 4135 das
1292 4071 1385 4156 (dem
1420 4070 1526 4134 lnbalt
1561 4071 1628 4134 und
1661 4070 1722 4132 rler
1756 4069 1970 4151 Kunstform)
2004 4083 2073 4132 ent·

368 4193 581 4276 spreehende
605 4193 787 4259 Versmass
812 4194 945 4258 wiiltlen
969 4195 1105 4279 gelehrt
1130 4198 1200 4261 hat.
1247 4197 1323 4260 Aus
1348 4196 1485 4259 Beidem
1510 4217 1701 4259 zusammen
1726 4193 1848 4258 erhellt
1877 4193 2072 4272 zweifellos,

368 4320 450 4384 dass
473 4341 510 4382 er
534 4321 595 4383 der
619 4319 780 4404 Meinung
804 4342 886 4396 war,
912 4322 974 4385 das
999 4323 1150 4407 machtig
1173 4322 1430 4386 dahinrollenrle
1455 4321 1496 4405 (i)
1521 4319 1796 4385 hexametrische
1823 4321 2001 4385 Versmass
2024 4320 2073 4384 sei

368 4444 426 4508 litr
449 4444 522 4507 eine
547 4445 775 4510 sortlaufende
798 4447 1051 4532 umfangreicbe
1069 4449 1290 4532 Darstellung
1307 4447 1562 4532 voraugsweise
1578 4447 1749 4532 geeignet.
1790 4446 1837 4510 Es
1854 4445 1942 4510 kann
1966 4446 2073 4509 daher

368 4569 457 4632 nicht
481 4570 525 4633 im
550 4571 737 4636 Mindesten
763 4573 970 4651 belremden,
1006 4595 1101 4638 wenn
1126 4576 1251 4638 erden
1284 4575 1404 4638 weiten
1436 4573 1587 4656 Umfang
1618 4572 1776 4655 episcber
1810 4570 2072 4654 Darstellungen

368 4695 419 4759 als
442 4695 551 4760 durch
580 4697 644 4760 das
671 4697 749 4760 dem
775 4699 870 4780 Epos
904 4697 1189 4782 cigentlnirnliche
1214 4701 1395 4765 Versmass
1428 4700 1607 4784 gelordert
1640 4696 1847 4774 bezeichnet,
1883 4699 1950 4762 und
1986 4697 2072 4760 eben

368 4821 441 4885 dies
465 4821 618 4906 besagen
642 4823 698 4886 die
723 4823 794 4886 hier
810 4821 1058 4906 vorliegenden
1075 4825 1230 4904 Worte“,
1256 4847 1297 4889 ea
1313 4841 1389 4890 sunt
1414 4825 1594 4889 subtiliora
1610 4847 1714 4908 quam
1731 4823 1876 4888 veriora.
1917 4823 2072 4906 Namque

367 4953 479 5038 μέτρου
500 4963 616 5038 μῆκος
633 4973 698 5016 non
715 4967 896 5016 naturam
921 4952 1018 5015 metri
1034 4951 1213 5037 significat,
1237 4953 1299 5016 sed
1317 4951 1627 5034 longitudinem,
1653 4952 1854 5013 hexameter
1870 4965 1986 5012 autem
2006 4969 2071 5011 non

530 5110 560 5176 Π)
581 5115 723 5178 Perperam
743 5112 909 5162 Vahlenus
929 5128 1032 5162 comma
1051 5121 1112 5161 ante
1131 5113 1169 5162 ἔτι
1189 5115 1277 5177 posuit
1298 5128 1348 5176 pro
1369 5121 1477 5176 puncto.

529 5200 559 5266 18)
579 5203 645 5252 Nam
674 5218 742 5266 quae
770 5202 939 5252 Vahlenus
968 5203 1102 5266 proponit,
1132 5202 1163 5252 ἂν
1191 5204 1220 5252 δὲ
1247 5203 1283 5266 μή
1306 5199 1445 5268 (intellege
1471 5203 1518 5250 ἕνα
1540 5201 1624 5264 μῦθον
1647 5197 1774 5268 ποιῶσιν),
1809 5199 1840 5249 οὐ
1858 5202 1905 5264 μία
1923 5200 1941 5264 ἠ
1960 5201 2070 5264 μίμησις,

367 5305 466 5341 merant
485 5307 571 5358 paene
591 5291 705 5341 efficiunt
719 5292 902 5358 tautologiam.
