4850 5918
1128 393 1213 457 XIV

1102 510 1107 520 ι

321 603 444 688 egisse,
469 603 527 688 qui
552 603 606 670 vel
632 605 849 671 iocunditatis
884 604 941 670 vel
976 604 1236 690 pulchritudinis
1271 605 1403 670 ratione
1432 605 1550 670 habita
1573 609 1694 690 egerit.
1740 605 1837 690 Ergo
1861 626 2025 688 quaese·
2093 679 2102 698 ι

321 741 441 794 cuntur
469 750 506 813 13
530 749 607 814 sqq.
639 731 761 816 γελοῖον
784 732 822 816 δὴ
845 735 881 797 τὸ
904 733 1065 798 αἰτιᾶσθαι
1087 736 1126 798 τὰ
1148 729 1249 814 ἐκτός,
1281 731 1365 796 ἀλλὰ
1393 733 1435 816 μὴ
1463 732 1558 796 αὑτὸν
1585 731 1761 816 εὐθήρατον
1783 734 1859 797 ὄντα
1880 732 1941 797 ὑπὸ
1963 741 2026 798 τῶν

320 853 477 936 τοιούτων,
512 857 566 920 και
593 865 656 920 τῶν
679 857 733 940 μιν
761 855 868 921 καλῶν
895 856 1016 939 ἑαυτὸν,
1050 867 1112 923 τῶν
1138 853 1167 922 δ’
1196 857 1333 942 αἰσχρῶν
1366 858 1407 920 τὰ
1439 856 1517 941 ἡδέα
1550 856 1671 920 iterum
1706 855 1903 920 consecutio
1937 871 2025 932 sunt,

320 998 528 1062 quamquam
553 977 585 1042 in
609 978 657 1044 eis
679 979 727 1044 ita
750 994 899 1044 mutatur
921 979 1097 1059 sententia,
1126 980 1226 1064 quasi
1248 995 1347 1045 antea
1372 980 1499 1044 dictum
1523 992 1614 1044 esset
1638 978 1783 1063 pulchra
1806 999 1883 1044 esse
1905 978 2024 1058 libera,

320 1103 467 1170 iocunda
499 1101 658 1182 violenta,
691 1103 808 1187 itaque
838 1103 1055 1168 scribendum
1088 1119 1139 1170 est
1163 1109 1201 1190 δὴ
1226 1126 1301 1170 cum
1326 1104 1375 1172 112
1397 1103 1522 1168 familia
1546 1104 1727 1196 deteriore,
1762 1124 1838 1183 non,
1871 1103 1905 1167 id
1929 1104 2026 1188 quod

320 1227 397 1294 iecit
422 1227 628 1312 Bywater,
653 1247 729 1292 cum
752 1227 799 1296 Π1
825 1227 875 1292 Nb
897 1228 945 1292 (ἶο
968 1227 1022 1294 02
1045 1228 1091 1294 P2
1112 1227 1216 1312 δὲὸθ).

481 1369 536 1436 Ex
561 1350 787 1435 contrarios.
818 1380 921 1436 ιιιι·
948 1393 986 1456 ι9
1008 1393 1085 1454 sqq.
1117 1383 1172 1438 ιυιι
1202 1375 1237 1440 δὲ
1264 1377 1347 1440 κατὰ
1368 1377 1424 1458 ιὴν
1447 1373 1592 1456 τοιαύτην
1616 1375 1742 1458 ἄγνοιαν
1763 1371 1912 1437 ἀκουσίου
1935 1373 2025 1456 λεγο-

321 1495 413 1582 μένου
436 1495 480 1562 itt
503 1497 549 1562 διι
571 1499 627 1580 τὴν
650 1495 758 1580 πρᾶξιν
781 1495 921 1582 λυπηρὰν
945 1495 1021 1562 εἶναι
1045 1497 1097 1562 mi
1120 1499 1153 1563 ἑν
1177 1497 1363 1584 μεταμελείᾳ
1385 1495 1465 1560 nibil
1488 1497 1670 1574 continent,
1699 1497 1794 1580 quod
1817 1511 1982 1580 sequatur
2006 1517 2026 1559 e

320 1619 610 1686 demonstratione
644 1620 877 1697 antecedente,
911 1621 974 1684 sed
998 1620 1266 1686 additamentum
1297 1621 1413 1704 potius
1443 1620 1680 1698 necessarium,
1712 1635 1749 1685 ut
1779 1620 1847 1684 hoc
1879 1634 2026 1703 apparet

321 1743 421 1810 etiam
446 1765 491 1808 ex
515 1747 559 1812 ιτι
583 1742 769 1810 vocabulo.
815 1743 924 1810 Recte
948 1745 1052 1830 igitur
1075 1747 1113 1830 δὴ
1138 1745 1350 1813 Thurotus
1386 1745 1530 1812 mutavit
1564 1744 1595 1809 in
1630 1743 1675 1828 δὲ,
1710 1744 1803 1809 haud
1834 1759 1927 1810 recte
1949 1746 2025 1809 reti·

321 1869 391 1934 nuit
415 1869 617 1954 Bywater.

480 2009 551 2076 Cur
575 2033 606 2097 5.
636 2013 738 2076 trrab
760 2033 778 2098 7
803 2011 895 2094 δόξας
923 2034 969 2077 ex
998 2011 1105 2078 altera
1135 2012 1279 2080 lectione
1314 2015 1409 2098 apud
1431 2012 1621 2098 Aspasium
1655 2027 1689 2078 et
1724 2027 2026 2078 commentatorem

320 2155 526 2219 anonymum
555 2135 607 2200 Nb
628 2157 717 2202 corr.
742 2137 789 2202 Lb
811 2158 877 2220 pro
900 2138 1012 2225 τέχνας
1039 2137 1157 2222 utique
1185 2139 1401 2204 scribendum
1429 2137 1483 2217 sit,
1514 2137 1647 2202 invictis
1676 2138 1887 2224 argumentis
1908 2137 2027 2202 docuit

321 2259 616 2344 Muenscherffl),
652 2261 747 2327 cuius
780 2261 1063 2342 dissertationem,
1098 2278 1137 2327 ut
1171 2263 1318 2343 videtur,
1354 2263 1522 2347 inspicere
1550 2284 1661 2347 neque
1690 2263 1883 2344 Bywater
1913 2262 2027 2347 potuit

323 2405 444 2468 neque,
468 2385 527 2468 qui
550 2385 636 2450 hanc
657 2385 861 2470 scripturam
885 2408 926 2451 ne
950 2386 1232 2453 commemoravit
1256 2386 1404 2471 quidem,
1429 2384 1719 2470 Stewartus52).

481 2615 514 2682 ω)
533 2615 567 2668 V.
585 2625 672 2668 autem
704 2627 736 2668 to
763 2617 833 2684 ειεῷ
862 2617 978 2670 tortasse
1005 2629 1132 2684 praestat,
1160 2621 1223 2684 quia
1253 2617 1321 2670 οιευ
1345 2619 1370 2668 in
1390 2617 1570 2668 deterioribus
1588 2627 1685 2668 tantum
1705 2617 1845 2669 codicibus
1864 2619 1906 2668 No
1925 2618 1971 2668 Ob
1990 2615 2027 2667 1²²

322 2705 427 2768 iegitur,
446 2715 605 2772 quamquam
624 2704 728 2756 accedit
748 2715 868 2756 vetustae
887 2707 1064 2758 translationis
1082 2709 1227 2758 auctoritas
1246 2717 1272 2758 et
1291 2707 1407 2758 sortasse
1425 2708 1505 2756 etiam
1523 2707 1630 2772 Aspasi.

482 2809 515 2878 ⁵¹)
535 2812 726 2876 Quaestionum
745 2813 894 2864 criticarum
914 2823 939 2864 et
963 2815 1161 2878 exegeticamm
1185 2817 1211 2866 in
1230 2814 1382 2865 Aristotelis
1406 2814 1499 2864 Ethioe
1518 2813 1698 2863 Nicomachea
1720 2815 1866 2878 specimen,
1889 2811 2027 2876 Marburgi

323 2901 458 2952 Cattotum
482 2903 557 2952 1861.
576 2915 604 2966 p.
624 2911 654 2962 3¹
676 2917 736 2966 sqq.

482 3005 514 3074 ⁵¹)
535 3009 600 3060 Cum
622 3010 794 3074 „prooemia”
815 3025 874 3060 mea
893 3010 997 3061 facilius
1016 3011 1042 3060 ln
1061 3011 1178 3062 virorum
1192 3010 1331 3061 doctorum
1347 3009 1493 3074 Anglorum
1507 3024 1598 3060 manus
1611 3007 1719 3058 veniant
1731 3023 1810 3074 quam
1826 3008 2027 3060 dissertationes

322 3097 445 3148 iuvenum
465 3097 666 3160 Germanorum,
685 3113 752 3162 quas
771 3109 868 3148 vocant
888 3099 1064 3164 inauguraies,
1084 3114 1219 3165 apponam
1240 3101 1299 3164 ipsa
1318 3099 1525 3150 Muenscheri
1545 3097 1641 3148 verba:
1672 3099 1755 3158 ,ttam
1773 3099 1796 3148 si
1816 3098 1909 3162 ειχνος
1922 3097 2027 3161 iegitur,

322 3187 388 3236 haec
408 3187 558 3236 cnuncintio
576 3185 678 3250 μᾶλλον
696 3187 754 3252 napi
772 3187 819 3250 eisc
837 3189 931 3252 τιχνος
948 3189 966 3252 ἡ
985 3190 1032 3250 τὰς
1050 3189 1193 3254 ιιιισεήμες
1212 3189 1308 3254 repetit
1329 3187 1407 3251 idem,
1427 3187 1499 3251 quod
1520 3189 1571 3237 iam
1590 3186 1688 3237 dictum
1708 3197 1748 3236 est
1766 3184 1845 3235 brevi
1863 3195 1950 3248 antea,
1969 3189 2027 3250 περι

322 3275 367 3340 μιν
386 3275 433 3338 td:
452 3276 643 3340 ἁκριβιιςιιοερι
661 3275 760 3327 enicem
778 3275 967 3341 βουλευόμεθα,
987 3279 1138 3343 repetitque
1156 3292 1209 3328 non
1227 3279 1286 3326 sine
1304 3277 1393 3341 aliqua
1418 3276 1589 3338 negligentia,
1615 3291 1673 3325 cum
1697 3275 1744 3324 ilio
1768 3275 1852 3338 priori
1877 3275 1940 3324 ioco
1959 3265 2027 3323 'con-

321 3363 490 3416 sultationem
509 3365 535 3414 in
554 3364 621 3415 soils
639 3363 750 3427 artibus,
771 3379 823 3414 non
843 3367 868 3414 in
888 3381 973 3416 rerum
992 3366 1112 3426 scientia,
1132 3366 1184 3416 hoc
1202 3367 1348 3430 posteriori
1368 3365 1452 3414 minus
1472 3374 1569 3414 tantum
1589 3365 1614 3414 in
1633 3365 1683 3412 hac
1707 3377 1786 3428 quam
1805 3364 1831 3412 in
1850 3362 1902 3412 illis
1926 3363 2027 3412 versari

322 3451 432 3504 dicatur.
470 3453 544 3504 liaec
563 3455 632 3504 enim
651 3453 819 3520 ὀοογινεεει
838 3453 961 3520 dinatus,
980 3453 1243 3520 undamentum
1262 3471 1315 3505 non
1333 3454 1368 3503 ad
1391 3454 1537 3516 scientiam,
1562 3468 1631 3518 quae
1655 3455 1768 3517 proprie
1787 3453 1889 3514 dicitur,
1916 3451 1965 3502 sed
1992 3451 2027 3500 ad

321 3551 393 3590 artes
412 3541 552 3592 reserenda
571 3557 632 3592 ease
651 3541 781 3607 probatur
794 3553 819 3592 et
833 3541 988 3592 definitione
1000 3543 1136 3606 scientiae,
1155 3543 1259 3608 qualem
1273 3543 1432 3593 Aristoteles
1451 3541 1515 3592 aiibi
1534 3543 1671 3606 proponit,
1691 3551 1717 3591 et
1736 3541 1876 3606 exemplis,
1896 3555 1965 3605 quae
1984 3541 2027 3590 hic

322 3629 410 3680 statim
430 3631 573 3682 ulieruntur
591 3627 659 3694 (οιον
676 3633 733 3696 trapi
751 3633 803 3682 τῶν
821 3631 883 3682 aut·
901 3633 1019 3698 ιεεριιιὴν
1037 3633 1084 3683 εει
1102 3633 1307 3698 χρῃιοτιοτιιιήν
1329 3632 1410 3698 sqq),
1429 3631 1475 3680 illa
1493 3641 1592 3680 autem:
1611 3632 1658 3692 τὰς
1682 3631 1796 3694 ἀκριβεῖς
1818 3632 1866 3680 stul
1889 3629 2028 3694 αὐτάρκεις

323 3721 374 3770 τῶν
392 3719 538 3784 intempore
555 3719 619 3770 nihii
638 3718 709 3769 aliud
734 3721 878 3786 respiciunt
903 3735 982 3785 quarn
1006 3720 1079 3786 quod
1098 3723 1123 3770 in
1143 3723 1192 3773 hac
1212 3722 1398 3772 enunciatioue
1416 3720 1530 3786 simplex
1551 3718 1712 3769 vocabulum
1730 3719 1881 3786 ἐπιστήμας.
1918 3719 2027 3768 Etiamsi

325 3821 392 3856 vero
419 3805 498 3858 talem
523 3807 712 3872 negligentiam
738 3807 875 3858 Aristoteli
900 3807 1102 3858 condonandam
1126 3820 1256 3874 putemus,
1275 3819 1334 3859 sunt
1351 3809 1421 3858 aliae
1440 3823 1485 3859 res
1504 3823 1556 3857 non
1576 3807 1660 3857 minus
1678 3821 1787 3870 graves.
1833 3807 1937 3856 Etenim
1964 3822 2027 3856 con·

322 3895 471 3946 iunctiones
489 3895 519 3948 di
536 3897 592 3958 nal,
611 3895 707 3960 qulbus
726 3897 793 3946 itaec
812 3897 963 3947 enunciatio
982 3896 1163 3960 introducitur,
1180 3898 1300 3949 inditam
1317 3897 1503 3962 gradationem
1522 3897 1548 3945 ci
1567 3897 1663 3958 inesse,
1690 3911 1744 3944 non
1763 3897 1950 3959 repetitionem
1968 3911 2027 3944 sen-

323 3985 421 4036 tentiae
439 3989 491 4036 iam
510 3994 587 4036 antea
606 3985 774 4050 propositae.
811 3984 931 4046 Accedit,
951 3985 1024 4050 quod
1044 3987 1107 4036 voci
1125 3987 1267 4054 ime-riflum
1288 3985 1339 4036 sub
1362 3986 1441 4035 finem
1460 3985 1513 4035 alia
1540 3986 1582 4035 vis
1610 3983 1750 4036 tribuenda
1777 3993 1817 4034 est
1845 3999 1924 4048 quam
1951 3985 2027 4034 initio

323 4073 441 4124 eiusdem
461 4074 582 4138 periodl;
601 4075 624 4124 si
644 4075 712 4124 enim
732 4076 759 4126 ιιι
778 4075 956 4140 deodatensi
976 4073 1114 4140 αὐτόριιεις
1133 4079 1184 4128 νῶν
1202 4078 1347 4140 mummius
1365 4083 1538 4140 opponuntur
1560 4075 1600 4124 eis
1624 4073 1675 4124 deu
1697 4075 1798 4138 γίνεται
1820 4073 1854 4124 δι’
1880 4073 1961 4138 ἡμῶν,
1989 4073 2026 4122 iili

324 4163 385 4212 voci
406 4164 543 4231 propriam
562 4178 636 4214 suam
656 4164 710 4213 vim
729 4163 818 4214 inesse
836 4141 1039 4214 existimandum
1058 4174 1106 4226 est,
1127 4180 1179 4230 qua
1198 4181 1252 4214 non
1271 4165 1403 4229 pertinent
1421 4163 1454 4213 ad
1473 4163 1581 4228 γινεσιν,
1600 4161 1649 4212 sed
1667 4163 1702 4211 ad
1725 4163 1756 4213 τὸ
1779 4163 1817 4212 ὃν.
1860 4163 2027 4227 Quamquam

322 4261 408 4302 nutem
428 4263 539 4318 utraque
552 4267 611 4302 cum
627 4253 654 4302 νι
673 4253 814 4318 mettium
833 4251 993 4302 vocabulum
1012 4253 1149 4303 Aristoteli
1169 4263 1321 4320 usurpatum
1340 4261 1451 4314 constat,
1470 4262 1556 4302 tamen
1577 4253 1644 4301 intra
1661 4253 1736 4301 unius
1755 4252 1947 4302 enunciationis
1965 4266 2026 4316 spa·

323 4342 385 4392 tium
405 4340 536 4406 duplicem
556 4339 643 4392 eidem
662 4339 797 4392 uocabulo
817 4343 871 4390 vim
888 4341 924 4392 ab
943 4356 978 4392 eo
997 4340 1120 4392 tributam
1139 4359 1200 4394 esse
1219 4319 1440 4393 vix'credendum
1454 4349 1504 4392 est.
1543 4341 1641 4390 Contra
1659 4341 1682 4389 si
1700 4341 1759 4404 ιεερι
1771 4341 1818 4402 τὰς
1831 4341 1909 4402 δόξας
1921 4340 2027 4404 iegitur,

323 4441 348 4478 et
367 4431 506 4496 ιιιιοεΐριιει
524 4429 610 4480 aitcro
630 4429 693 4480 loco
713 4430 825 4480 eandem
845 4445 923 4496 quatu
943 4430 1027 4496 priori
1047 4432 1100 4480 uim
1120 4441 1199 4494 tenet,
1224 4431 1294 4482 iiiam
1320 4431 1447 4492 uimlrum,
1476 4446 1529 4494 qun
1557 4443 1610 4478 non
1638 4445 1724 4478 rerum
1753 4437 1862 4478 naturae
1889 4429 2026 4478 seientiam

322 4517 407 4570 solam
427 4519 568 4582 significat,
587 4519 636 4570 sed
655 4519 732 4570 latius
751 4528 824 4584 patet
843 4521 887 4580 ita,
907 4531 933 4569 ut
952 4519 1031 4570 etiam
1048 4529 1119 4570 artes
1132 4521 1335 4586 complectatur,
1353 4534 1423 4584 quae
1437 4535 1488 4568 non
1505 4519 1531 4567 in
1544 4515 1624 4567 rebus
1636 4516 1834 4582 cognoscendis
1846 4517 2027 4582 acquiescunt,

321 4607 371 4658 sed
398 4607 432 4658 atl
460 4623 529 4672 opus
558 4607 694 4674 quoddam
713 4607 902 4674 perficiendum
922 4609 1038 4660 intentae
1065 4621 1133 4673 sunt,
1162 4619 1187 4660 et
1219 4611 1280 4659 huic
1305 4611 1435 4659 orationis
1459 4605 1579 4658 membro
1599 4605 1749 4672 μᾶλλονδὲ
1766 4609 1814 4656 εει
1833 4633 1867 4644 -
1885 4608 2027 4672 meriatur

322 4696 456 4762 gradatio,
474 4712 552 4763 quant
572 4699 661 4748 {neme
680 4696 777 4748 indicat
795 4696 826 4749 di
837 4699 892 4758 ιιει,
911 4713 1007 4748 revera
1020 4699 1095 4748 inest.
1133 4699 1254 4764 Namque
1270 4699 1351 4749 totius
1367 4696 1473 4762 periodi
1492 4697 1623 4747 sententia
1635 4697 1702 4746 haec
1717 4696 1814 4746 existit.
1836 4695 1880 4754 ,ln
1898 4696 2027 4759 scientiis,

323 4801 392 4852 quae
411 4787 436 4836 in
456 4797 580 4838 accurata
599 4802 685 4838 rerum
704 4787 859 4850 cognitione
877 4787 1048 4851 acquiescunt
1067 4789 1094 4853 (i.
1114 4803 1139 4838 e.
1158 4789 1184 4838 in
1203 4787 1363 4852 ιιιισιήροις,
1382 4801 1452 4850 quae
1471 4787 1583 4850 proprie
1602 4785 1742 4850 dicuntur),
1761 4784 1845 4835 nuilus
1863 4794 1903 4833 est
1923 4782 2026 4834 consui·

323 4875 430 4925 tutionis
449 4873 536 4936 locust
556 4889 626 4940 quae
643 4885 730 4926 autem
749 4885 840 4926 nostra
860 4889 949 4940 opera
964 4875 1111 4927 efficiuntur
1133 4891 1221 4942 neque
1243 4891 1351 4940 semper
1374 4874 1470 4926 eodem
1494 4873 1583 4936 modo
1612 4873 1646 4924 de
1671 4875 1711 4924 eis
1729 4859 1973 4934 consultamus,'ut
1993 4872 2027 4922 de

270 4943 276 4960 ¹
323 4965 371 5026 eis,
391 4978 459 5028 quae
482 4965 516 5014 ad
539 4963 697 5014 medicinam
716 4975 742 5014 et
761 4963 795 5014 ad
814 4973 900 5014 artem
919 4963 1089 5028 quaerendae
1107 4967 1239 5030 pecuniae
1257 4965 1401 5030 pertinent;
1425 4963 1526 5014 sedne
1549 4965 1590 5014 itis
1609 4962 1715 5028 quidem
1741 4961 1775 5012 de
1798 4963 1917 5012 scientiis
1940 4978 2027 5027 aeque

323 5051 454 5114 omnibus,
472 5053 521 5104 sed
534 5067 590 5118 quo
603 5067 726 5120 quaeque
738 5055 823 5105 ιιιιιιυε
841 5053 981 5118 exquisitis
1000 5052 1183 5120 distinctisque
1201 5056 1355 5120 praeceptis
1372 5053 1497 5104 absoluta
1515 5062 1565 5115 est,
1584 5068 1618 5102 eo
1637 5053 1715 5102 iatius
1734 5061 1807 5116 patet
1826 5052 1852 5100 in
1871 5066 1905 5100 ea
1924 5053 2026 5102 consut-

323 5142 398 5203 tatio,
415 5151 495 5206 atque
513 5141 584 5194 adeo
603 5143 689 5208 magis
707 5157 787 5208 quam
805 5143 832 5192 ln
851 5141 974 5193 omnibus
992 5143 1033 5194 lais
1050 5143 1171 5194 scientiis
1190 5143 1349 5194 consultatio
1369 5151 1492 5192 versatur
1510 5141 1537 5190 ln
1556 5139 1728 5204 opinionibus
1742 5141 1793 5207 (eis
1806 5141 1943 5200 videlicet,
1956 5155 2026 5205 quae

325 5231 456 5298 pertinent
474 5232 508 5282 ad
527 5234 561 5284 τὰ
579 5233 620 5296 se‘
637 5233 705 5298 ιριιν,
725 5249 777 5284 oon
801 5235 849 5294 eis,
873 5248 943 5298 quae
965 5232 999 5282 ad
1028 5235 1061 5284 nni
1089 5235 1162 5284 ettae
1188 5235 1234 5284 ιιιει
1262 5233 1295 5284 nd
1324 5231 1448 5292 animm
1477 5229 1510 5280 ct.
1534 5231 1746 5294 truisi-33)
1764 5231 1868 5282 sive-in
1888 5231 1927 5280 eis
1946 5228 2026 5280 rebus

325 5319 447 5384 agendis,
466 5337 575 5386 quarum
594 5337 637 5372 ars
655 5323 714 5372 site
733 5323 843 5372 scientia
863 5321 932 5372 uuila
952 5329 1064 5372 castam.
