4850 5918
1205 461 1280 522 Vlll

391 683 471 747 τίνος
515 673 688 758 κατέστησε
734 675 789 758 μὲν
834 683 956 758 πρῶτον
1003 675 1041 736 τὰ
1086 674 1119 739 ἐν
1168 684 1207 759 τῇ
1261 675 1412 760 κωμῳδίᾳ
1468 675 1620 760 πρόσωπα
1679 674 1766 760 μέχρι
1822 684 1924 760 τριῶν,
1979 675 2096 774 στήσας

390 801 446 882 τὴν
491 795 629 880 ἀταξίαν,
674 801 727 863 καί
772 808 816 883 τῷ
863 801 999 885 χαρίεντι
1045 811 1099 884 τῆς
1145 800 1311 884 κωμῳδίας
1356 803 1392 864 rb
1439 800 1594 885 ὠφέλιμον
1638 800 1834 885 προσέθηκε,
1872 803 1943 877 τοὺς
1986 810 2095 876 κακῶς

390 923 579 1008 πράττοντας
604 923 778 1009 διαβάλλων
802 927 854 988 καί
879 927 984 1011 ὥσπερ
1008 926 1140 1010 δημοσίᾳ
1167 925 1290 1011 μάστιγι
1322 935 1361 1009 τῇ
1393 925 1543 1010 κωμῳδίᾳ
1574 925 1728 1004 κολάζων.
1775 921 1847 990 ἀλλ’
1878 927 1921 990 ἔτι
1954 925 2009 1009 μὲν
2042 928 2095 989 καί

390 1047 479 1125 οὗτος
501 1059 556 1133 τῆς
579 1047 783 1134 ἀρχαιότητος
807 1061 928 1135 μετεῖχε
950 1054 1004 1114 καῖ
1027 1051 1128 1137 ηρέμα
1154 1073 1220 1128 πως
1247 1057 1303 1132 τῆς
1326 1048 1472 1129 ἀταξίας·
1512 1052 1530 1114 δ
1553 1051 1655 1135 μέντοι
1682 1074 1718 1136 γε
1747 1047 1971 1136 Ἀριστοφάνης
2000 1053 2095 1136 μεθο-

390 1174 502 1250 δείισας
524 1173 747 1260 τεχνικώτερον
769 1184 832 1239 των
855 1172 929 1259 μεθ’
952 1177 1063 1241 ἑαυτοῦ
1090 1177 1147 1258 τὴν
1181 1177 1348 1261 κωμῳδίαν
1382 1175 1554 1260 ἀνέλαμψεν
1588 1177 1621 1241 ἑν
1655 1179 1768 1241 ἅπασιν
1803 1174 1951 1262 ἐπίσημος
1985 1177 2097 1260 ὀφθείς

390 1301 483 1375 οὕτω,
507 1302 561 1362 καί
576 1302 658 1364 οὕτω
673 1310 777 1364 πᾶσαν
796 1299 963 1384 κωμῳδίαν
983 1299 1150 1386 ἐμελέτησε
1174 1298 1280 1383 (οὕτω,
1303 1303 1357 1366 καί
1382 1301 1509 1386 -ἐμελ
1534 1321 1604 1364 om.-
1625 1300 1725 1382 Vlll),
1756 1316 1990 1364 verumtamen
2015 1317 2051 1363 ut
2075 1322 2095 1364 a

392 1422 531 1488 Cratino
555 1439 728 1506 repeteret
756 1426 888 1488 firmum
921 1426 1021 1490 trium
1055 1441 1208 1490 actorum
1242 1447 1427 1502 numerum,
1462 1427 1586 1490 facturn
1611 1442 1663 1489 est
1695 1447 1790 1490 mero
1824 1444 1951 1490 errore.
2007 1425 2095 1489 Nihil

391 1548 482 1614 aliud
508 1551 585 1614 inde
602 1549 821 1633 discimusffl),
846 1551 906 1614 nisi
923 1552 1136 1614 comoediam
1154 1551 1430 1635 antiquissimam,
1448 1573 1537 1635 quae
1553 1568 1690 1635 tempus
1705 1552 1841 1628 tulerat,
1859 1571 1925 1615 non
1942 1551 2095 1634 Euphan-

391 1675 470 1739 tidis
495 1675 550 1740 vel
575 1674 760 1739 Teleclidis
785 1675 835 1760 (ut
859 1678 903 1740 de
927 1675 1095 1740 Chionide
1120 1693 1250 1741 taceam
1276 1692 1309 1740 et
1333 1676 1521 1759 Magnete),
1545 1680 1607 1742 sed
1632 1675 1759 1741 Cratini
1790 1697 1881 1760 opus
1905 1677 2023 1740 luisse:
2056 1698 2096 1739 ea

391 1801 458 1864 iant
481 1799 660 1885 indigebat
683 1801 793 1865 tribus
816 1801 1001 1878 actoribus,
1025 1801 1057 1862 in
1081 1815 1195 1864 cetera
1220 1803 1372 1878 ejusdem
1397 1817 1525 1886 poetae
1548 1804 1703 1866 dramata
1727 1823 1838 1886 paene
1867 1802 1980 1865 omnia
2006 1802 2095 1865 idem

322 1965 327 1975 -
391 1925 549 2001 cadebat,
574 1926 653 1990 inde
684 1946 921 2009 praepropere
956 1925 1139 1990 collectum
1174 1942 1226 1990 est
1262 1925 1435 1992 Cratinum
1472 1927 1576 1992 fuisse
1611 1928 1710 1992 huius
1745 1928 1874 1992 numeri
1909 1943 2094 1992 auctorem.

392 2050 553 2116 Ceterum
577 2051 670 2116 haud
693 2071 773 2116 raro
797 2052 898 2115 etiam
923 2050 1080 2134 pluribus
1103 2071 1192 2136 opus
1209 2073 1286 2116 esse
1302 2053 1521 2118 histrionibus
1538 2054 1677 2117 minoris
1693 2055 1854 2117 momenti
1878 2053 1910 2116 in
1931 2052 2095 2117 auxilium

392 2177 526 2240 vocatis
549 2179 643 2260 apud
667 2176 936 2260 Aristophanem
961 2195 1102 2260 quoque
1126 2192 1159 2240 et
1184 2176 1292 2241 multo
1315 2179 1455 2262 saepius
1478 2200 1581 2261 quam
1598 2181 1630 2242 in
1648 2179 1840 2264 tragoedia,
1864 2179 1896 2242 in
1913 2200 1982 2261 qua
1998 2199 2096 2262 prae·

392 2319 486 2366 terea
504 2317 647 2386 quartus
664 2317 793 2367 tuntum
810 2322 1047 2385 nonnunquam
1070 2302 1310 2380 adhibebatur,
1335 2304 1492 2367 omnibus
1508 2319 1624 2367 notum
1650 2321 1712 2368 est.
1760 2305 1936 2368 Eiusmodi
1959 2304 2096 2385 ἀταξίαν,

392 2427 420 2491 si
444 2425 556 2505 ἀταξία
572 2443 655 2506 erat,
680 2427 782 2492 etiam
798 2443 878 2492 ante
894 2427 1079 2506 Cratinum,
1097 2429 1177 2511 quin
1194 2443 1272 2492 ante
1289 2428 1489 2493 Chionidem
1507 2446 1541 2493 et
1558 2431 1755 2514 Magnetem
1764 2421 1818 2492 'ab
1834 2450 1897 2492 usu
1914 2443 2096 2513 poetarum

392 2554 600 2618 comicorum
623 2554 769 2619 fortasse
792 2574 858 2618 non
882 2554 1101 2620 abhorruisse
1124 2553 1269 2618 libenter
1294 2556 1457 2633 concedo,
1481 2555 1544 2619 sed
1561 2575 1620 2618 cur
1637 2555 1785 2638 pristinis
1801 2553 1866 2618 illis
1882 2554 2096 2638 temporibus

392 2681 526 2743 firmum
550 2700 725 2743 numerum
750 2679 949 2744 histrionum
973 2679 1222 2744 ordinariorum
1250 2680 1281 2743 in
1306 2681 1494 2744 comoediis
1517 2680 1653 2745 omnino
1677 2682 1826 2744 nondum
1851 2679 1955 2744 fuisse
1979 2693 2097 2744 contra

393 2804 618 2870 Aristotelem
640 2805 719 2870 huic
742 2807 933 2885 deterioris,
957 2804 1037 2870 licet
1061 2825 1127 2870 non
1151 2806 1365 2870 contemnedi
1398 2806 1533 2890 generis
1563 2806 1724 2889 scriptori
1755 2807 1905 2883 credam,
1938 2805 2096 2888 profecto

392 2949 458 2994 non
482 2929 657 3015 intellego.
705 2930 817 2995 Aliter
841 2931 979 3015 quidem
1003 2931 1130 2995 iudicat
1153 2931 1228 2994 los.
1253 2930 1612 3014 Poppelreuter‘li),
1637 2946 1671 2994 et
1687 2946 1790 3008 recte,
1808 2946 1845 2995 ut
1862 2930 1941 2994 mihi
1958 2931 2096 2994 videtur

394 3076 413 3117 e
436 3055 553 3119 verbis
575 3055 720 3120 Platonii
743 3057 781 3119 ll.
805 3061 823 3132 ἐ
851 3079 861 3118 ι
893 3057 1007 3142 Bergk
1031 3057 1079 3141 (p.
1104 3055 1199 3132 xtv,
1228 3077 1240 3118 1
1268 3076 1345 3138 sqq.
1371 3055 1519 3139 Duebn.)
1555 3054 1705 3142 Κρατῖνος
1729 3105 1736 3120 .
1756 3106 1788 3121 ..
1813 3059 2029 3142 εὔστοχος...
2054 3057 2097 3120 ὢν

394 3182 427 3246 ἐν
449 3193 515 3259 ταῖς
543 3183 700 3268 ἐπιβολαῖς
722 3189 784 3247 τῶν
807 3183 971 3268 δραμάτων
994 3185 1048 3247 καί
1071 3184 1257 3262 διασκευαῖς,
1282 3180 1348 3246 είτα
1369 3185 1485 3266 προῖὼν
1512 3185 1566 3246 καί
1597 3183 1735 3247 διασπῶν
1763 3186 1817 3258 τὰς
1849 3181 2016 3257 ὑποδέσεις
2039 3182 2098 3244 οὐκ

394 3306 582 3385 ἀκολούθως
609 3309 723 3395 πληροῖ
755 3313 794 3372 τὰ
827 3308 968 3393 δράματα
1003 3306 1167 3372 conclusit
1191 3326 1333 3370 scaenas
1357 3304 1433 3370 illas
1456 3304 1635 3382 ioculares,
1671 3327 1760 3389 quae
1794 3305 1826 3370 in
1862 3303 2096 3388 compluribus

392 3430 634 3515 Aristophanis
658 3432 856 3512 comoediis,
884 3433 1171 3509 Acharnensibus,
1195 3430 1296 3510 Pace,
1320 3432 1467 3510 Avibus,
1492 3431 1747 3510 Ecclesiazusis,
1779 3429 1879 3494 Pluto
1913 3430 2097 3514 parabasin

391 3571 554 3621 secuntur
576 3556 633 3621 vel
658 3573 760 3634 certe,
785 3557 844 3622 ubi
868 3577 909 3622 ea
937 3559 1045 3636 deest,
1082 3557 1265 3640 posteriori
1300 3558 1463 3621 dramatis
1499 3557 1587 3639 parti
1622 3555 1770 3620 insertae
1802 3571 1890 3634 sunt,
1926 3556 1958 3619 in
1993 3554 2096 3619 Ranis

394 3682 577 3764 parabasin
600 3683 816 3762 antecedunt,
840 3705 917 3747 cum
945 3699 1020 3747 tota
1049 3681 1165 3746 fabula
1193 3680 1261 3746 levi
1297 3699 1427 3746 tantum
1463 3681 1600 3746 vinculo
1633 3680 1867 3760 cohaerentes,
1903 3681 1935 3745 in
1972 3679 2097 3764 quibus

395 3827 508 3871 novae
531 3829 668 3891 semper
684 3827 866 3892 novaeque
890 3829 1059 3893 personae
1082 3810 1264 3892 prodeunt,
1281 3807 1348 3872 alia
1365 3824 1447 3891 post
1462 3807 1573 3884 aliam,
1591 3807 1623 3871 in
1641 3806 1768 3871 Cratini
1785 3806 1973 3870 comoediis
1988 3805 2097 3870 multo

397 3933 500 3997 etiarn
523 3933 634 4018 magis
658 3935 690 3998 in
714 3954 778 3998 usu
801 3934 915 3998 fuisse.
963 3934 1126 3998 Attamen
1150 3933 1252 3997 latius
1276 3949 1396 4017 patent
1425 3934 1512 3996 haec
1542 3933 1663 3996 verba:
1696 3932 1831 3995 omnino
1855 3929 2028 3994 Cratinum
2060 3946 2096 3993 ut

394 4058 606 4142 ingeniosum
623 4059 655 4124 in
670 4060 878 4124 inveniendis
894 4060 941 4123 ita
957 4059 1156 4124 solutiorem
1179 4059 1211 4122 in
1236 4056 1454 4123 elaborandis
1469 4058 1680 4143 argumentis
1695 4057 1800 4121 fuisse
1816 4057 1896 4121 dicit
1911 4056 2096 4132 platonius,

396 4185 487 4247 unde
503 4184 629 4248 factum
646 4185 700 4263 sit,
716 4201 753 4249 ut
767 4185 880 4250 unitas
901 4185 1042 4250 actionis
1058 4185 1152 4269 apud
1170 4205 1245 4248 eum
1263 4184 1413 4248 deficiat:
1438 4202 1646 4266 quamquam
1661 4203 1703 4246 ea
1720 4184 1814 4266 apud
1830 4182 2097 4266 Aristophanem

393 4328 535 4394 quoque
557 4310 640 4374 satis
663 4309 746 4376 laxa
769 4326 832 4376 est.
876 4309 939 4375 ille
962 4331 1047 4376 vero
1071 4309 1325 4396 grammaticus,
1357 4311 1453 4374 cuius
1480 4309 1706 4393 patrocinium
1737 4309 1887 4392 suscepit
1919 4307 2097 4391 Poppel·

393 4449 544 4514 reuter,
569 4435 597 4500 si
620 4457 754 4516 revera,
779 4456 870 4518 quae
903 4453 954 4502 est
978 4435 1295 4520 Poppelreuteri
1326 4435 1501 4512 sententia,
1536 4433 1663 4513 ἀταξίαν
1693 4435 1821 4498 referre
1853 4432 2019 4498 voluisset
2052 4434 2096 4496 ad

393 4558 488 4624 solas
511 4559 588 4624 illas
611 4581 752 4626 scaenas
775 4561 943 4641 scurriles,
969 4563 1033 4626 sibi
1056 4563 1132 4646 ipse
1156 4561 1433 4626 contradixisset:
1457 4581 1533 4625 nam
1558 4561 1585 4625 si
1611 4560 1674 4624 has
1689 4573 1895 4644 spectamus,
1915 4558 1946 4622 in
1963 4557 2097 4622 Aristo·

395 4685 542 4767 phanem
566 4705 707 4769 quoque
731 4687 833 4765 cadit,
858 4703 891 4751 et
915 4688 961 4751 ita
989 4689 1128 4770 quidem
1157 4688 1249 4750 cadit
1282 4685 1367 4750 illud
1403 4697 1543 4770 μετεῖχεν
1573 4685 1674 4771 ἠρέμα
1708 4705 1773 4762 πως
1807 4695 1863 4770 τῆς
1887 4681 2024 4764 ἀταξίας,
2061 4697 2095 4746 ιιι

397 4830 524 4896 „aegre
538 4810 707 4876 strictiore
722 4831 946 4895 personarum
962 4833 1103 4876 numero
1124 4818 1333 4890 assuesoffl,
1355 4827 1389 4876 et
1409 4811 1476 4875 hoc
1497 4831 1563 4875 non
1583 4811 1694 4875 solum
1715 4810 1747 4874 in
1769 4809 1942 4894 prioribus
1963 4829 2097 4872 comoe-

395 4935 470 5014 diis,
494 4937 556 5000 sed
582 4937 682 5001 etiam
706 4939 737 5002 in
761 4937 887 5003 ultimis
910 4939 1019 5002 tribus
1042 4939 1202 5004 servatis:
1238 4958 1303 5002 non
1326 4937 1431 5023 igitur
1462 4937 1510 5002 sic
1541 4958 1624 5000 vera
1656 4951 1770 5000 essent
1804 4955 1895 5017 quae
1926 4949 2095 5011 secuntur,

394 5060 538 5146 ὃμέντοι
561 5085 597 5148 γε
621 5061 844 5150 Ἀριστοφάνης
866 5088 896 5131 κ.
920 5087 947 5130 τ.
972 5065 1001 5129 λ.
1055 5063 1135 5149 Ego
1168 5065 1263 5148 quod
1298 5064 1431 5150 priores
1465 5067 1505 5129 τὰ
1538 5065 1691 5150 πρόσωπα
1725 5064 1849 5148 είσηγον
1885 5061 2028 5138 ἀτάκτως
2063 5074 2097 5122 et

556 5309 589 5376 ²¹)
608 5313 669 5363 Hoc
687 5329 795 5379 quoque
814 5315 961 5365 rectissime
979 5317 1078 5364 monuit
1097 5314 1367 5364 Wilnmowitzius
1387 5313 1476 5363 Herm.
1497 5313 1543 5362 tx.
1563 5327 1590 5377 p.
1611 5322 1671 5372 333.

555 5399 588 5470 π)
608 5402 639 5452 L.
658 5404 676 5453 ί.
695 5418 721 5467 p.
743 5405 774 5454 28
794 5419 854 5470 sqq.
