4850 5918
1209 269 1243 334 V

375 487 597 571 εὐδοκιμούσας
612 487 767 565 πολιτείας
782 486 825 570 (c.
849 508 874 548 1.
897 487 999 550 1260b
1017 506 1058 568 29
1074 505 1150 568 sqq.
1167 507 1196 548 c.
1215 507 1262 548 11.
1281 485 1385 570 12721’
1403 507 1444 568 24
1461 506 1537 567 sqq.
1555 507 1582 548 c.
1601 505 1649 549 ιε.
1669 486 1771 569 1273b
1789 507 1828 569 25
1842 483 1920 568 sq),
1937 507 2081 568 quarum

375 611 406 675 in
423 633 564 675 numero
578 611 729 676 Solooea
746 612 883 695 quidem
900 611 971 688 fuit,
990 611 1122 675 minime
1138 631 1223 675 vero
1238 612 1440 676 Dracontea.
1465 611 1536 674 Nisi
1552 610 1657 696 igitur
1672 612 1858 675 admodum
1876 611 1986 690 fallor,
2003 627 2082 675 ante

376 736 531 800 Politiam
548 736 805 801 Atheniensium
823 737 1007 800 extiterunt
1025 735 1101 799 libri
1118 751 1248 800 tantum
1265 735 1483 800 Politicorum
1509 737 1601 800 VII¹¹⁵
1629 752 1663 800 et
1679 737 1787 800 VIIl⁰⁸
1807 737 1934 803 veteriS
1954 737 2081 802 ordinis

375 861 470 947 (novi
486 863 565 926 IV⁰⁵
586 877 619 928 et
643 862 725 946 vn)
749 879 783 926 et
807 865 953 927 lortasse
977 863 1022 924 1¹¹⁸
1050 876 1082 926 et
1107 862 1194 940 IlI¹¹⁸‚
1220 877 1300 944 post
1317 884 1391 925 eam
1409 883 1471 945 per
1486 882 1592 926 annos
1610 863 1679 924 sere
1695 881 1770 946 325,
1797 880 1871 944 324,
1896 883 1959 946 323
1978 862 2082 926 ceteri

376 987 475 1052 huius
507 987 624 1070 operis
657 987 733 1051 libri
768 1008 829 1051 nec
862 1008 927 1052 non
959 988 1112 1065 Poetica‚
1146 988 1339 1065 Rhetorica,
1368 988 1617 1071 Metapltysiea‚
1653 1009 1774 1070 pauca,
1802 988 1830 1052 si
1865 987 2082 1052 conseruntur

376 1133 451 1176 cum
476 1112 689 1177 multitudine
712 1133 856 1196 operum
886 1135 950 1196 per
982 1134 1087 1178 annos
1120 1115 1361 1177 antecedentes
1394 1129 1474 1177 octo
1507 1129 1676 1177 ortorum:
1709 1129 1745 1177 at
1767 1113 1996 1197 reputandum
2029 1127 2082 1177 est

376 1237 484 1301 tribus
509 1238 614 1301 ferme
638 1236 703 1302 illis
723 1237 817 1302 annis
842 1239 943 1302 etiam
960 1238 1100 1303 Politias
1125 1239 1216 1302 haud
1241 1239 1345 1302 dubie
1362 1254 1505 1316 ceteras,
1522 1239 1647 1324 Νόμιμα
1670 1239 1851 1325 βαρβαρικά,
1870 1237 2081 1302 Didascalias

376 1361 511 1446 aliaque
535 1362 686 1427 eiusdem
711 1363 847 1448 generis
870 1364 998 1447 scripta
1023 1364 1145 1428 emissa
1169 1385 1255 1443 esse,
1287 1385 1356 1446 ope
1380 1365 1517 1448 quidem
1542 1364 1785 1448 discipulorum
1817 1363 1981 1441 adhibita,
2018 1365 2081 1428 sed

377 1510 441 1554 non
466 1490 538 1554 sine
563 1511 644 1554 cura
669 1490 832 1574 magistri.

535 1633 696 1697 Ceterum
721 1654 784 1697 non
808 1633 919 1699 solum
945 1633 1002 1698 illa
1029 1647 1131 1720 1274‘·
1155 1635 1305 1698 22-''26
1332 1651 1409 1698 sunt
1437 1657 1457 1697 a
1489 1636 1594 1698 docto
1619 1635 1846 1718 peripatetico
1872 1634 2081 1716 nescioquo

378 1758 465 1823 mala
490 1781 565 1822 cum
590 1758 754 1823 Industria
782 1759 927 1836 adiecta,
958 1760 1019 1822 sed
1051 1759 1140 1822 idem
1173 1760 1262 1823 cadit
1295 1760 1325 1822 in
1357 1759 1459 1823 aliurn
1485 1781 1667 1823 excursum
1693 1759 1887 1823 historicum
1914 1760 1958 1823 IV
1983 1757 2080 1843 (VII),

380 1906 429 1948 ro.
466 1892 566 1968 1329⁸
593 1885 746 1968 4o-l’39
780 1881 895 1972 χώραν,
931 1905 1002 1967 quo
1038 1904 1179 1966 prorsus
1214 1885 1342 1948 turbari
1380 1885 1637 1969 dispositionem
1674 1885 1850 1968 expressis
1885 1885 2000 1949 verbis
2036 1887 2081 1947 ab

377 2008 565 2072 Aristotele
588 2009 811 2093 significatam
840 2008 920 2073 alibi
945 2009 1221 2094 demonstraviss).
1280 2011 1390 2074 Mious
1425 2013 1470 2074 ab
1503 2033 1540 2072 re
1572 2027 1649 2075 sunt
1682 2011 1758 2074 VIII
1791 2009 1862 2093 (V),
1900 2030 1949 2072 12.
1978 2011 2081 2094 1315'³

381 2156 508 2217 11—39
533 2149 625 2198 recte
649 2135 789 2198 forsitan
822 2153 939 2200 contra
963 2158 1027 2214 me,
1061 2153 1154 2200 certe
1187 2137 1277 2199 haud
1311 2135 1566 2200 contemnendis
1600 2135 1789 2200 rationibus
1817 2157 1838 2198 a
1863 2133 2081 2218 Dietesio⁷)

376 2261 525 2324 defensa.
565 2261 687 2342 Neque
710 2283 764 2323 me
786 2261 939 2339 offendit,
965 2261 1059 2343 quod
1084 2261 1221 2325 omnino
1246 2263 1290 2324 de
1314 2261 1524 2344 Hippodami
1545 2281 1691 2344 persona
1716 2261 1887 2324 adduntur
1911 2261 2081 2343 quaedam

376 2387 413 2464 11,
438 2387 468 2448 8.
497 2385 598 2471 1267b
624 2387 764 2463 21-28,
796 2385 856 2449 sed
889 2407 978 2468 quae
1008 2386 1055 2449 ibi
1080 2387 1197 2450 addita
1220 2403 1296 2451 sunt
1322 2409 1381 2451 cur
1405 2387 1477 2450 sani
1501 2387 1603 2451 iudici
1628 2387 1708 2451 viris
1732 2387 1759 2449 F
1766 2386 2023 2451 uellebornio
2047 2403 2081 2450 et

377 2510 622 2595 Congreveo
646 2526 739 2574 recte
763 2510 1006 2593 displicuerint,
1031 2525 1150 2575 contra
1174 2511 1505 2594 DuemmIerum³)
1528 2513 1764 2576 demonstrare
1784 2528 1927 2576 conatus
1951 2533 2024 2576 sum
2049 2511 2080 2575 in

378 2636 500 2699 Annal.
534 2637 616 2720 phil.
642 2637 813 2701 CXLVII.
842 2643 935 2720 1893.
960 2659 994 2720 p.
1024 2658 1095 2720 192,
1130 2654 1235 2720 atque
1271 2659 1311 2700 ea
1346 2658 1486 2721 quoque
1521 2637 1653 2700 minime
1686 2659 1740 2700 me
1772 2652 1921 2714 movent,
1956 2638 2080 2720 quibus

376 2781 574 2825 succurrere
597 2763 728 2826 studuit
752 2763 801 2826 de
825 2760 1080 2847 Holzingerl)
1104 2763 1219 2827 verbis
1243 2765 1279 2842 II,
1299 2785 1346 2828 ro.
1376 2765 1478 2849 1271b
1502 2783 1636 2847 30-40
1660 2765 1781 2829 διὸκαὶ
1805 2773 1858 2829 νῦν
1881 2762 1910 2826 οἱ
1933 2765 2081 2848 περίοικοι

375 2892 429 2955 τόν
452 2892 545 2955 αὐτόν
569 2889 682 2973 τρόπον
711 2901 846 2974 χρῶνται
870 2891 982 2973 αὐτοῖς,
1007 2887 1049 2968 ώς
1076 2891 1370 2970 κατασκευάσαντος
1402 2890 1488 2957 Μίνω
1523 2891 1648 2977 πρώτου
1678 2895 1734 2976 τὴν
1763 2891 1846 2969 τάξιν
1876 2897 1938 2956 τών
1969 2891 2079 2975 νόμων.

376 3017 461 3080 δοκεῖ
484 3013 532 3097 δή
555 3025 646 3100 νῆσος
669 3017 722 3079 καί
745 3017 822 3100 πρὸς
851 3019 908 3099 τὴν
930 3018 1029 3101 ἀρχὴν
1052 3019 1108 3100 τὴν
1132 3013 1318 3102 Ἑλληνικὴν
1346 3018 1517 3102 πεφυκέναι
1539 3019 1594 3081 καί
1617 3019 1744 3082 κεῖσθαι
1766 3016 1872 3094 καλῶς
1889 3035 1896 3050 ·
1913 3016 1997 3100 πάσῃ
2021 3018 2081 3101 γὰρ

375 3139 524 3204 ἐπίκειται
547 3150 586 3224 τῇ
610 3137 770 3224 θαλάσσῃ,
801 3141 913 3226 σχεδὸν
936 3151 998 3206 τών
1028 3135 1188 3226 Ἑλλήνων
1219 3141 1385 3227 ἱδρυμένων
1415 3142 1484 3226 περί
1513 3141 1570 3224 την
1601 3142 1768 3207 θάλασσαν
1791 3141 1914 3207 πάντων
1937 3158 1945 3173 ·
1970 3141 2080 3227 ἀπέχει

375 3268 435 3351 γὰρ
457 3276 496 3350 τη
520 3263 575 3349 μὲν
598 3276 651 3350 της
675 3265 916 3350 Πελοποννήσου
940 3263 1057 3351 μικρόν,
1081 3276 1120 3351 τη
1144 3267 1178 3330 δὲ
1201 3277 1255 3352 τῆς
1278 3263 1385 3340 Ἀσίας
1412 3278 1467 3332 τοῦ
1494 3269 1563 3353 περί
1587 3265 1733 3352 Τριόπιον
1760 3268 1857 3332 τόπου
1885 3267 1938 3330 καί
1961 3263 2079 3330 Ῥόδου.

375 3389 421 3455 διδ
445 3393 497 3455 καί
520 3393 576 3476 τὴν
599 3402 653 3475 της
677 3391 843 3474 θαλάσσης
865 3393 965 3478 ἀρχὴν
988 3391 1140 3477 κατέσχεν
1164 3393 1182 3456 ό
1205 3393 1318 3476 Μίνως,
1349 3396 1403 3458 καί
1434 3395 1489 3471 τάς
1519 3393 1631 3478 νήσους
1658 3397 1713 3470 τάς
1737 3395 1792 3477 μέν
1815 3392 2003 3477 ἐχειρώσατο
2026 3397 2081 3470 τὰς

375 3513 526 3602 δ’ᾢκισεν,
549 3515 638 3594 τέλος
661 3518 695 3581 δὲ
717 3516 901 3602 ἐπιθέμενος
928 3528 966 3602 τῇ
994 3518 1121 3603 Σικελίᾳ
1143 3521 1196 3583 τόν
1225 3517 1289 3603 βίον
1313 3519 1510 3604 ἐτελεύτησεν
1538 3519 1603 3583 ἐκεί
1625 3521 1694 3603 περέ
1717 3517 1860 3603 Κάμικον
1885 3516 1940 3581 vel
1965 3516 2081 3600 potius

376 3663 414 3723 31
447 3642 489 3719 ώς
513 3677 555 3688 -
579 3660 623 3724 40
653 3641 809 3727 Κάμικονι
848 3662 923 3705 nam
959 3643 1075 3725 pri0ra
1108 3665 1152 3726 3ο
1184 3645 1230 3708 διδ
1264 3679 1308 3688 -
1343 3665 1381 3725 31
1417 3646 1519 3721 αὐτοῖς
1554 3643 1648 3706 reicit
1683 3642 1767 3725 ipse.
1814 3641 1941 3707 Scribit
1977 3643 2078 3705 enirn:

379 3765 505 3842 „Einen
529 3766 677 3830 Anstoss
700 3767 790 3830 finde
818 3767 871 3832 ich
902 3789 963 3831 nur
990 3789 1031 3831 an
1057 3769 1134 3830 dem
1163 3767 1393 3852 zweimaligen
1418 3771 1472 3852 τὴν
1496 3767 1580 3846 τάξιν
1603 3778 1665 3832 τῶν
1688 3767 1836 3853 νόμωνίθ)
1862 3769 1928 3832 und
1953 3789 1994 3831 an
2019 3768 2081 3830 der

376 3893 594 3978 Bemerkung
617 3893 703 3957 liber
727 3893 782 3957 die
800 3894 989 3957 Bewohner
1014 3915 1080 3958 von
1098 3893 1236 3976 Lyktos
1260 3895 1472 3972 διό-αὐτοῖς.
1512 3893 1686 3956 ίλίίὶίιιειιιί
1712 3893 1854 3956 οέἱιηίίσδ
1874 3892 2080 3956 Aristoteles

376 4039 443 4082 von
468 4017 606 4101 Lyktos
630 4018 681 4084 als
710 4019 801 4083 elner
829 4021 916 4083 noch
942 4019 1136 4084 bli'thenden
1161 4019 1275 4082 Stiitte
1306 4018 1433 4082 uralter
1456 4019 1543 4083 Sitte
1572 4018 1713 4102 spricht,
1745 4017 1868 4081 beruht
1900 4017 1955 4080 die
1978 4039 2080 4101 ange-

376 4143 492 4207 Idhrte
515 4141 624 4206 Stelle
647 4143 804 4208 offenbar
832 4145 895 4207 auf
912 4145 974 4208 der
998 4145 1179 4209 Kenntniss
1204 4145 1266 4208 des
1290 4145 1333 4207 im
1358 4145 1386 4230 J
1413 4165 1478 4210 220
1501 4167 1534 4209 v.
1560 4145 1639 4208 Chr.
1665 4144 1833 4228 erfolgten
1858 4143 2079 4228 griindlichen

378 4269 620 4354 Unterganges
656 4269 717 4332 der
749 4268 852 4334 Stadt
885 4271 953 4334 und
986 4271 1047 4334 der
1080 4270 1369 4354 Auswanderung
1401 4271 1464 4333 der
1496 4291 1559 4333 aus
1592 4268 1767 4332 Lakonien
1800 4269 2078 4333 abstammenden

535 4500 556 4566 6)
571 4503 613 4550 De
625 4499 742 4550 l'oIIticis
752 4501 921 4550 Arlstotelels
931 4512 1032 4566 quaest.
1043 4503 1101 4552 crit.
1114 4518 1140 4568 p.
1151 4519 1204 4567 404
1215 4519 1275 4568 sqq.
1296 4503 1685 4566 PracIveruntBrandisius,
1700 4504 1893 4566 Boiesenus‚
1908 4503 1969 4552 Cha
1978 4501 2078 4552 ndler.

537 4589 556 4654 ⁷)
576 4591 655 4640 Arch.
675 4591 691 4640 I.
713 4591 811 4640 Gesch.
831 4591 855 4640 d.
876 4591 973 4642 Philus.
993 4591 1037 4643 IV.
1061 4596 1135 4654 1891.
1156 4609 1182 4657 p.
1202 4599 1252 4657 483
1272 4611 1312 4658 sq.

535 4679 556 4745 ⁸)
577 4681 771 4742 Prolegomena
790 4697 820 4728 zu
839 4679 946 4730 Platons
965 4681 1047 4744 Statu,
1068 4681 1146 4732 Basil.
1169 4688 1244 4744 1891.
1265 4699 1290 4746 p.
1312 4697 1325 4745 7
1347 4693 1400 4733 not.

535 4769 557 4832 9)
579 4771 604 4818 ln
624 4770 752 4832 egregiae
772 4769 965 4820 dissertationis
984 4771 1150 4820 Aristoteles'
1172 4771 1224 4820 und
1244 4773 1428 4822 Herakleldes'
1452 4772 1609 4822 lalronlsche
1629 4773 1679 4822 und
1700 4773 1834 4822 kretlsclte
1854 4772 1973 4834 Ροίίιίεπ,
1994 4771 2079 4820 Philo·

375 4858 431 4920 Iogi
452 4858 497 4908 Lll
517 4859 559 4923 (N.
578 4857 607 4908 S.
627 4857 682 4922 Vl).
724 4861 788 4920 1893
809 4859 923 4908 Insertae
943 4875 969 4922 p.
989 4863 1023 4920 96
1041 4875 1082 4924 sq.

539 4945 568 5010 ¹⁰)
590 4947 752 4997 Praecedunt
771 4949 850 4997 enlm:
870 4951 933 5011 φασί
951 4949 1003 5013 γὰρ
1022 4949 1066 4998 τόν
1085 4949 1245 5016 Λυκοῦργον,
1265 4951 1376 5016 διττὴν
1395 4953 1560 5016 ἐπιτροπείαν
1579 4953 1624 5016 την
1644 4951 1776 5015 Χαρίλλου
1795 4953 1841 5000 τοῦ
1855 4950 1979 5013 βασιλέως
1997 4965 2079 5000 κατοι-

376 5036 456 5086 λιπών
476 5037 648 5102 ἀπεδήμησεν,
668 5037 728 5086 τότε
747 5039 791 5087 τόν
810 5037 932 5088 πλεῖστον
951 5040 1084 5103 διατρῖψαι
1106 5040 1200 5104 χρόνον
1218 5041 1276 5103 περί
1295 5041 1400 5106 Κρήτην
1419 5043 1463 5091 διὰ
1482 5042 1528 5105 τὴν
1547 5041 1696 5105 συγγένειαν
1711 5055 1717 5067 ·
1731 5041 1838 5090 ἄποικοι
1857 5041 1908 5105 γάρ
1928 5041 1953 5089 οί
1972 5039 2079 5090 Αόκτιοι

376 5129 426 5175 τῶν
453 5125 586 5176 Λακώνων
613 5121 687 5190 ἦσαν,
715 5125 862 5190 κατέλαβον
890 5127 939 5177 δὀί
965 5127 1030 5194 πρὸς
1057 5129 1104 5196 τὴν
1132 5129 1255 5182 ἀποικίαν
1282 5129 1407 5192 ἐλθόντες
1434 5131 1482 5196 τὴν
1509 5131 1579 5194 τάξιν
1603 5133 1654 5182 τών
1676 5130 1762 5194 νόμων
1786 5129 1952 5196 ὑπάρχουσαν
1974 5131 2003 5180 ἐν
2025 5133 2079 5190 τοίς

375 5215 435 5268 τότε
453 5218 629 5270 κατοικοῦσιν.
