4850 5918
1144 219 1220 286 VIII

1076 311 1289 319 *-

329 435 500 500 adiectiva
523 456 588 500 non
612 433 722 500 solum
747 436 791 498 ad
815 433 1023 500 intellectum
1046 450 1216 518 spectare,
1250 457 1370 500 verum
1403 435 1504 500 etiam
1535 437 1579 500 ad
1609 456 1732 514 mores,
1766 436 1829 500 sed
1853 447 2035 520 perperam

329 583 384 624 me
408 561 456 624 eis
480 562 690 640 adnumerat,
720 561 778 643 qui
802 560 868 623 hoc
892 582 957 624 non
981 561 1065 624 satis
1090 562 1343 644 perspexerint:
1377 562 1479 625 immo
1512 583 1580 646 ego
1614 562 1751 645 quidem
1785 577 1822 625 ut
1855 576 2037 645 utrumque

328 687 580 772 coniungerem,
606 687 707 750 verti:
735 686 810 762 „fur
835 686 886 749 ein
906 686 1039 750 edleres
1057 688 1122 749 und
1148 687 1291 753 feineres
1315 687 1512 752 Publicum“
1540 703 1573 752 et
1600 689 1676 764 „sur
1700 687 1753 751 ein
1777 687 1952 772 gemeines
1969 689 2035 751 und

330 811 652 900 ungebildetes“1⁶).

488 941 523 1003 In
558 939 675 1004 verbis
710 939 870 1022 proxime
904 939 1128 1055 seqpentibus
1167 940 1269 1022 1462·
1305 959 1325 1022 5
1360 959 1438 1021 sqq.
1473 939 1642 1023 particula
1675 940 1896 1004 adversativa
1930 960 2038 1024 aegre

329 1086 494 1143 caremus,
529 1065 754 1147 quamobrem
782 1065 898 1148 probo
926 1065 1044 1128 Ussin
1052 1065 1091 1148 gi
1116 1065 1343 1128 coniecturam
1367 1068 1569 1151 πρῶτονμὲν
1598 1062 1689 1150 (οὖν)
1717 1065 1769 1129 oti:
1804 1086 1879 1127 nam
1904 1067 1960 1150 μέν
1982 1063 2036 1132 οὖν
2102 1110 2107 1120 ·

329 1191 496 1256 interdum
520 1191 657 1274 ponitur
681 1211 747 1273 pro
771 1190 883 1275 μέντοι,
908 1188 1002 1253 velut
1027 1189 1125 1253 Polit.
1150 1191 1202 1267 111,
1221 1212 1246 1252 1.
1275 1200 1377 1274 1275·
1406 1212 1454 1253 ιι.
1479 1189 1524 1254 IV
1549 1189 1647 1274 (Vll),
1676 1210 1725 1253 10.
1757 1189 1858 1274 1329l’
1883 1211 1934 1272 25·

489 1315 620 1379 Primus
652 1332 768 1378 autem
801 1332 881 1398 post
918 1337 981 1391 me,
1017 1315 1051 1378 id
1087 1316 1183 1396 quod
1218 1336 1353 1378 summo
1388 1336 1464 1378 curn
1497 1316 1628 1400 gaudio
1653 1315 1733 1393 vidi,
1768 1315 2036 1398 Gomperzius

328 1440 495 1505 intellexit
519 1441 565 1503 ab
582 1461 649 1503 uno
674 1441 855 1504 Usenero
880 1459 1099 1522 perspectum
1117 1462 1203 1519 esse,
1229 1440 1310 1524 quid
1340 1442 1443 1522 1462·
1470 1462 1510 1523 14
1534 1439 1686 1523 postulet
1710 1461 1841 1518 sensus,
1867 1461 1926 1504 cur
1950 1461 2036 1503 vero

328 1566 488 1630 libentius
523 1567 641 1629 credat
676 1567 720 1628 ab
753 1565 943 1629 Aristotele
977 1566 1141 1648 scriptum
1177 1566 1280 1629 fuisse
1311 1569 1377 1631 ἐστι
1404 1567 1448 1648 δέ,
1476 1568 1542 1632 ἐπεὶ
1571 1571 1620 1644 τὰ,
1656 1581 1780 1649 postea
1815 1567 1860 1629 ab
1895 1567 2036 1648 antiquo

328 1691 470 1756 librario
502 1694 609 1756 ἔπειτα
640 1690 674 1754 δέ
710 1692 786 1772 ἐστι,
820 1690 898 1753 indc
942 1691 1089 1772 denique
1124 1692 1279 1755 extitisse
1313 1694 1420 1757 ἔπειτα
1454 1693 1541 1774 διέντι,
1577 1712 1690 1774 quam,
1725 1693 1760 1756 id
1795 1692 1891 1774 quod
1926 1690 2036 1756 voluit

329 1817 497 1895 Usener,
517 1819 582 1881 ἔστι
605 1816 649 1899 δέ,
672 1817 718 1880 ἅττ
741 1815 921 1899 genuinam
947 1815 1050 1880 fuisse
1073 1817 1288 1900 scripturam,
1313 1817 1446 1896 deinde,
1471 1831 1509 1880 ut
1532 1817 1680 1899 saepius,
1704 1821 1770 1884 ἔστι
1803 1832 2035 1901 permutatum

328 1964 405 2008 esse
428 1964 504 2007 curn
528 1944 604 2024 ἐπεὶ,
629 1941 776 2023 denique
800 1940 892 2004 malo
915 1917 1121 2024 corrigendi
1136 1943 1252 2005 studio
1276 1963 1321 2004 ex
1345 1945 1411 2008 ἐπεὶ
1434 1943 1468 2008 δὲ
1491 1943 1537 2007 ὅτι
1565 1942 1690 2006 sactum
1719 1965 1798 2006 esse
1819 1946 1926 2009 ἔπειτα
1949 1944 2035 2020 διότι,

329 2069 489 2152 equidem
506 2088 571 2131 non
587 2087 765 2149 assequor.
805 2066 887 2129 Mihi
905 2065 1020 2148 potius
1037 2065 1102 2128 hoc
1125 2087 1236 2150 aeque
1260 2068 1359 2131 facile
1383 2068 1454 2131 fieri
1479 2067 1636 2151 potuisse
1660 2068 1796 2131 videtur
1819 2085 1924 2150 atque
1940 2067 2035 2144 illud,

329 2210 366 2258 ut
384 2215 475 2258 nova
491 2192 547 2256 illa
564 2193 758 2256 coniectura
775 2191 908 2255 minime
924 2190 1148 2276 indigeamus,
1174 2193 1375 2275 praesertim
1396 2213 1472 2256 cum
1495 2197 1536 2259 τὰ
1558 2192 1722 2258 articulus
1746 2192 1865 2258 melius
1890 2195 2036 2256 tortasse

329 2319 417 2383 absit
442 2339 544 2402 quam
569 2319 669 2395 adsit,
693 2333 787 2380 certe
811 2337 955 2400 prorsus
977 2315 1021 2379 sit
1044 2337 1333 2399 supervacaneus,
1380 2318 1539 2383 Ceterum
1568 2322 1670 2383 etiarn
1698 2341 1785 2384 nunc
1808 2335 1894 2402 puto
1918 2319 2035 2402 spuria

329 2466 406 2510 esse
428 2448 482 2509 καί
504 2447 565 2530 γὰρ
587 2455 632 2530 τῷ
656 2444 757 2529 μέτρῳ
781 2443 880 2522 ἔξεστι
903 2444 1043 2528 χρῆσθαι
1072 2441 1119 2526 (v.
1147 2441 1216 2526 15):
1251 2464 1326 2506 nam
1360 2464 1425 2508 non
1458 2446 1503 2507 de
1535 2445 1681 2509 diversis
1711 2445 1827 2508 metris
1859 2444 1925 2507 hoe
1956 2442 2036 2508 loco

328 2591 442 2634 sermo
467 2585 529 2647 est,
562 2570 624 2632 sed
649 2570 693 2631 de
718 2583 881 2652 quattuor
904 2568 969 2632 illis
993 2570 1151 2651 partibus
1183 2571 1386 2654 tragoediae
1418 2587 1452 2634 et
1486 2571 1622 2634 carmini
1656 2571 1755 2654 epico
1789 2570 2034 2647 communibus,

329 2718 419 2780 quae
443 2712 520 2760 sunt
544 2697 654 2780 μῦθος,
686 2697 765 2780 ἤθη,
798 2693 925 2775 διάνοια,
956 2695 1035 2773 λέξις
1066 2695 1166 2781 μέτρῳ
1190 2696 1356 2781 ήδνσμένη.
1403 2696 1525 2778 Neque
1558 2697 1751 2760 consentire
1783 2717 1924 2779 possum
1958 2717 2033 2758 cum

329 2821 575 2904 Gomperzio
599 2818 841 2902 corruptelam,
866 2840 956 2901 quae
979 2820 1063 2882 inest
1083 2819 1115 2882 in
1131 2821 1248 2884 verbis
1270 2824 1324 2886 καί
1347 2824 1384 2885 oti
1407 2825 1516 2908 μικρὸν
1539 2823 1630 2908 μέρος
1651 2825 1708 2907 τὴν
1732 2826 1882 2907 μουσικὴν
1904 2824 1958 2886 καὶ
1980 2825 2035 2898 τὰς

329 2948 424 3030 ὄψεις,
447 2943 521 3032 δι’ἠς
544 2947 576 3012 αἱ
598 2944 705 3032 ἡδοναὶ
719 2944 914 3010 συνίστανται
937 2945 1147 3030 ἐναργέστατα
1170 2945 1218 3029 (ν.
1247 2968 1258 3008 ι
1265 2966 1285 3028 5
1308 2946 1387 3030 sq.),
1411 2947 1669 3030 transponendis
1692 2950 1746 3012 καὶ
1768 2951 1824 3026 τὰς
1846 2947 1931 3032 ὄψεις
1955 2962 2035 3028 post

329 3070 539 3158 ἐναργέστατα
562 3069 685 3135 tollere
708 3070 876 3134 studente.
920 3069 1122 3133 Rectissima
1145 3086 1222 3134 sunt
1245 3093 1335 3154 quae
1358 3072 1434 3154 ipse
1456 3072 1521 3135 sibi
1544 3071 1706 3155 opponit:
1733 3073 1823 3148 „Der
1847 3071 2034 3136 Ausdruck

329 3199 548 3284 ἐναργέστατα,
573 3197 634 3259 der
657 3197 713 3258 die
736 3195 882 3260 hochste
906 3194 1159 3281 chendigkeit
1183 3199 1262 3274 und,
1294 3218 1390 3261 wenn
1414 3218 1490 3260 man
1514 3217 1555 3260 so
1578 3218 1685 3282 sagen
1709 3198 1795 3276 dari,
1826 3196 2036 3279 Leibhaftig·

329 3322 400 3386 keit
423 3323 486 3386 des
509 3321 703 3386 Eindrucks
728 3321 932 3397 bezeichnet,
966 3321 1097 3384 scheint
1129 3343 1170 3386 so
1194 3323 1345 3386 trefflich
1369 3324 1427 3386 fitr
1450 3322 1505 3386 die
1529 3323 1598 3408 ὄψις
1620 3345 1661 3387 zu
1684 3343 1819 3407 passen,
1852 3323 1934 3386 dass
1958 3342 2034 3386 man

328 3449 399 3512 sich
418 3470 481 3513 nur
502 3447 636 3512 schwer
657 3446 871 3511 entschliesst
893 3446 962 3510 ihm
986 3447 1080 3510 einen
1105 3449 1252 3510 anderen
1269 3447 1385 3532 Bezug
1407 3471 1448 3511 zu
1471 3448 1614 3527 leihen“,
1639 3471 1797 3532 vanaque
1821 3469 1912 3530 quae
1934 3447 2035 3510 affert

329 3574 374 3637 nd
398 3573 464 3636 hoc
487 3573 716 3638 refutandum:
756 3571 889 3648 „Altein
922 3572 1036 3636 dieser
1058 3572 1203 3655 Scrupel
1236 3573 1436 3651 schwindet,
1468 3573 1594 3638 sobald
1627 3574 1688 3637 wir
1720 3575 1787 3636 den
1816 3571 2033 3636 unmittelbar

330 3698 512 3784 folgenden
537 3697 617 3762 Sata
640 3697 691 3761 ins
716 3697 822 3782 Auge
845 3699 970 3762 fassen:
994 3698 1067 3761 hier
1092 3699 1234 3762 erkennt
1252 3698 1459 3763 Aristoteles
1483 3699 1569 3763 eben
1594 3700 1657 3763 das
1679 3698 1806 3786 ἐναργές
1828 3700 1908 3763 dem
1925 3697 2032 3762 durch

329 3823 386 3888 die
409 3824 557 3888 Lectiire
580 3821 807 3888 vermittelten
831 3823 920 3886 nicht
954 3823 1084 3886 minder
1116 3822 1167 3887 als
1198 3825 1276 3888 dem
1299 3825 1409 3889 durch
1432 3826 1488 3889 die
1510 3825 1686 3888 scenische
1709 3824 1936 3910 Aufftihrung
1959 3824 2033 3886 her·

330 3948 607 4034 vorgebrachten
638 3947 813 4011 Eindruck
845 3954 918 4010 zu“.
966 3948 1100 4012 Minime
1131 3948 1218 4012 enim
1250 3948 1303 4012 his
1334 3949 1503 4048 proximis
1536 3949 1651 4014 verbis
1684 3950 1750 4014 εἶτα
1772 3952 1826 4014 καὶ
1848 3952 1885 4014 τὸ
1907 3950 2033 4034 ἐναργὲς

329 4079 394 4163 ἔχει
416 4079 470 4142 καὶ
492 4077 526 4140 έν
547 4086 586 4160 τῇ
609 4073 782 4159 ἀναγνώσει
804 4076 858 4138 καί
881 4074 931 4139 ἐπὶ
953 4085 1016 4140 τῶν
1043 4076 1142 4160 ἔργων
1166 4077 1211 4158 (ν.
1242 4093 1277 4158 17
1303 4072 1370 4157 sq.)
1400 4091 1545 4159 negatur
1573 4093 1684 4156 neque
1708 4073 1821 4156 potuit
1845 4073 1964 4158 negari
1987 4074 2033 4134 ab

328 4199 529 4278 Aristotele,
562 4200 748 4264 admodum
779 4221 883 4263 sanae
914 4200 1034 4264 mentis
1062 4200 1146 4278 viro,
1179 4199 1312 4263 actione
1345 4199 1500 4264 scaenica
1530 4198 1681 4263 vividam
1714 4197 1806 4262 illam
1830 4197 2034 4282 tragoediae

329 4328 398 4393 vim
422 4325 553 4412 augeri,
584 4325 783 4409 oblitusque
813 4345 864 4390 est
888 4327 1155 4410 Gomperzius
1177 4329 1254 4413 ἔργα
1283 4346 1350 4389 non
1372 4324 1483 4390 solum
1508 4347 1528 4388 e
1551 4323 1655 4388 rebus
1678 4324 1840 4389 scaenicis
1863 4339 2032 4402 constare,

329 4474 449 4516 verum
472 4452 575 4516 etiam
599 4473 618 4514 e
642 4467 742 4515 cantu
767 4467 801 4515 et
824 4453 962 4531 musica,
997 4452 1065 4517 hoc
1098 4468 1228 4516 tantum
1262 4451 1477 4515 contenditur
1512 4451 1612 4516 etiam
1645 4451 1677 4514 in
1710 4471 1803 4514 mera
1835 4450 2034 4515 recitatione

329 4577 532 4644 vividiorem
557 4597 633 4640 esse
657 4577 818 4640 effectum
842 4577 1045 4662 tragoediae
1075 4598 1177 4659 quam
1202 4597 1352 4660 poeseos
1375 4577 1504 4660 epicae.
1552 4576 1757 4641 Accuratius
1781 4577 1896 4640 dicere
1918 4575 2032 4659 potuit

329 4701 572 4787 philosophus:
608 4703 645 4768 οὐ
668 4703 761 4788 μόνον
784 4703 919 4769 ἐπὶτῶν
942 4705 1051 4788 ἔργων,
1079 4701 1237 4770 ἀλλὰκαὶ
1260 4705 1293 4768 έν
1315 4715 1354 4790 τῇ
1377 4703 1551 4788 ἀναγνώσει
1573 4720 1633 4768 aut
1655 4704 1709 4769 καί
1733 4705 1765 4770 έν
1787 4713 1826 4788 τῇ
1850 4701 2032 4788 ἀναγνώσει,

329 4834 382 4896 καὶ
405 4833 443 4894 οὐ
466 4831 558 4915 μόνον
580 4830 630 4894 ἐπὶ
652 4840 715 4896 τών
738 4831 837 4917 έργων
859 4845 919 4893 aut
935 4850 1078 4914 prorsus
1095 4829 1252 4893 omittere
1266 4832 1320 4894 καὶ
1340 4827 1390 4895 ἐπὶ
1405 4841 1468 4896 τών
1491 4831 1600 4915 έργων,
1625 4849 1738 4911 neque
1761 4844 1873 4893 tamen
1898 4845 1934 4890 ut
1951 4825 2031 4890 olim

329 4957 377 5020 ita
393 4976 480 5018 nunc
495 4975 637 5038 quoque
652 4956 701 5019 sic
715 4955 827 5039 ipsum
845 4956 991 5018 sortasse
1004 4956 1207 5038 scriptorem
1225 4955 1399 5040 corrigere
1416 4956 1545 5018 audeo:
1570 4975 1646 5018 cum
1663 4953 1749 5018 enirn
1766 4975 1831 5017 non
1848 4953 1914 5020 εἶτα
1937 4954 2032 5016 dum·

493 5097 525 5164 ¹⁸)
545 5098 723 5148 Vahlenum
748 5101 837 5164 potius
865 5100 905 5149 eis
933 5097 1106 5148 adnumerare
1136 5097 1264 5148 debebat:
1293 5099 1316 5147 is
1344 5098 1413 5147 enim
1441 5099 1531 5162 (Beitr.
1552 5097 1597 5148 IV.
1622 5113 1650 5162 p.
1669 5097 1732 5160 395)
1761 5097 1848 5148 reddit
1878 5095 2029 5160 „gehlida”

331 5199 357 5239 et
377 5186 573 5253 „ungebildet“.
