4850 5918
1099 199 1313 342 ,ᾖε-υ-

352 481 497 544 quama
532 459 654 523 ceteris
678 459 856 522 codicibus
879 457 1033 521 oblatum
1070 472 1102 520 et
1137 457 1278 520 credere
1302 456 1396 520 malit
1421 479 1441 519 e
1463 461 1501 541 δή
1530 456 1686 520 extitisse
1715 452 1786 543 δ’ή
1814 471 1847 518 et
1873 455 1950 518 inde
1973 457 2007 520 δὲ
2030 456 2061 540 ή,

351 586 512 670 equidem
536 585 669 648 minime
693 583 867 668 intellego.

516 710 618 792 ¹¹04''
637 731 679 793 29
694 730 746 792 sq.
771 708 949 772 ediderunt
967 723 1044 771 ante
1061 709 1315 792 Bywaterum
1333 729 1465 773 omnes:
1488 709 1607 793 γένοιτο
1632 705 1696 773 δ’ἂν
1721 709 1792 793 ἡμῖν
1815 709 1867 771 καί
1891 707 1928 771 ἐκ
1943 703 2062 770 τοὺτων

352 838 483 923 φανερόν
507 839 551 902 ἐτι
575 839 643 922 περί
666 845 729 900 τῶν
752 837 865 916 αὐτῶν,
900 833 1088 897 rectissime
1121 855 1206 896 nunc
1231 834 1343 896 editor
1367 834 1421 897 hic
1445 833 1648 897 novissimus
1672 834 1718 898 ότι
1741 856 1760 894 e
1784 832 1904 895 codice
1928 830 2061 914 optimo

351 962 512 1026 restituit:
537 959 823 1044 pronominatur
847 962 949 1026 αὐτῶν
972 959 1160 1044 significant
1184 961 1303 1046 ήδονῶν
1326 944 1379 1025 καί
1403 961 1523 1026 λυπωνε
1548 979 1623 1022 eam
1649 975 1760 1022 tamen
1785 958 1893 1040 ipsam
1917 958 1965 1021 ob
1989 978 2060 1018 rem

353 1086 469 1151 nescio
493 1107 534 1149 an
559 1083 742 1148 delendum
765 1084 808 1148 sit
831 1095 903 1150 τῶν.

515 1234 544 1295 3.
575 1219 676 1295 11o5¹²
704 1229 741 1293 15
767 1231 826 1273 cur
848 1231 954 1292 supra
985 1221 1018 1272 et
1050 1209 1098 1273 sic
1122 1209 1188 1272 iam
1219 1211 1347 1274 dudum
1381 1211 1412 1274 in
1437 1211 1586 1274 editione
1610 1213 1669 1276 ὑπὸ
1691 1210 1810 1276 τοὺτων
1834 1225 1914 1291 post
1938 1209 2062 1287 αὔξεται

352 1338 607 1420 transponenda
629 1357 705 1400 esse
729 1335 940 1412 coniecerim,
966 1334 1029 1398 hac
1054 1336 1152 1398 dere
1176 1335 1344 1400 disserere
1370 1357 1434 1400 non
1460 1357 1549 1419 opus
1573 1335 1651 1398 mihi
1677 1355 1753 1398 esse
1778 1333 1951 1398 existimo:
1986 1334 2062 1416 ipse

352 1464 417 1528 hoc
440 1461 581 1539 videbit,
611 1462 745 1545 opinor,
770 1461 1013 1544 unusquisque.
1061 1461 1285 1545 Quapropter
1317 1463 1504 1526 admodum
1537 1461 1650 1539 miror,
1684 1462 1778 1542 quod
1813 1476 1847 1523 et
1872 1459 2062 1542 Bywater

352 1604 387 1652 et
409 1555 638 1652 Stenartus
662 1587 879 1652 coniecturae
909 1587 1008 1651 huius
1033 1609 1073 1650 ne
1098 1589 1300 1651 mentionem
1329 1588 1466 1669 quidem
1496 1589 1658 1650 fecerunt.
1706 1586 1936 1650 Confirmatur
1961 1584 2060 1648 etiam

352 1714 479 1778 omisso
503 1714 533 1775 in
559 1712 674 1777 verbis
699 1734 728 1776 2.
758 1724 860 1796 1104m
885 1732 924 1797 27
950 1735 1001 1796 sq.
1031 1710 1102 1778 ἀλλ’
1128 1715 1165 1778 οὑ
1194 1715 1286 1798 μόνον
1310 1715 1341 1778 ai
1364 1715 1497 1800 γενέσεις
1513 1717 1567 1779 καί
1584 1714 1725 1798 αὐξήσεις
1749 1717 1802 1778 καί
1826 1713 1860 1778 αί
1882 1714 2000 1797 φθοραί
2024 1711 2062 1776 ἐκ

351 1848 413 1906 τῶν
437 1841 540 1905 αὐτῶν
557 1841 616 1904 ’καί
640 1840 699 1904 ὑπό
716 1851 778 1904 τῶν
794 1842 897 1905 αὐτῶν
914 1841 1047 1925 γίνονται
1063 1838 1209 1902 articulo
1225 1839 1253 1902 οί
1270 1855 1348 1902 ante
1365 1839 1519 1923 αὑξήσειςι
1538 1859 1613 1900 nam
1631 1838 1679 1902 sic
1694 1835 1829 1923 γενέσεις
1852 1836 1905 1900 καί
1921 1836 2062 1921 αὐξήσεις

352 1966 437 2028 inter
461 1987 499 2030 se
524 1964 723 2029 coniunctae
748 1963 970 2048 opponuntur
993 1963 1137 2051 φθοραῖς.
1185 1963 1236 2028 Cf.
1265 1986 1292 2028 1.
1321 1964 1425 2048 1103b
1452 1982 1468 2048 7
1494 1983 1547 2046 sq.
1574 1965 1613 2028 ἐκ
1639 1975 1701 2028 τῶν
1724 1963 1827 2029 αὑτων
1850 1966 1903 2027 καί
1927 1963 1978 2027 διὰ
2000 1972 2062 2026 τῶν

352 2094 454 2157 αὑτῶν
476 2094 530 2157 καί
552 2091 669 2175 γίνεται
692 2099 779 2156 πᾶσα
802 2092 896 2176 ἀρετή
920 2093 973 2178 καί
997 2092 1168 2176 ιρθείρεται.

518 2216 621 2300 ιιο5ὴ
650 2238 683 2278 ιι
711 2237 763 2300 sq.
789 2215 921 2298 priores
952 2216 1104 2280 editores
1136 2237 1252 2280 omnes
1284 2215 1470 2280 seeundum
1496 2215 1633 2278 codices
1658 2215 1867 2298 scripserunt
1890 2215 1927 2278 ἐκ
1950 2213 1984 2280 δὲ
2006 2225 2062 2279 τοῦ

353 2347 393 2430 μή
418 2343 563 2428 πράττειν
596 2353 696 2407 ταῦτα
729 2341 827 2416 οὐδεὶς
860 2344 898 2408 ἂν
930 2344 1002 2406 οὐδὲ
1035 2343 1199 2426 μελλήσειε
1230 2343 1380 2427 γενέσθαι
1414 2341 1548 2428 ἀγαθός,
1584 2357 1676 2404 recte
1700 2341 1890 2425 Bywater
1913 2339 2063 2425 γενέσθαι

353 2467 562 2550 permutavit
586 2489 661 2530 cum
690 2469 844 2551 γίνεσθαι.
892 2468 941 2530 Ar
974 2467 1046 2532 vix·
1067 2467 1165 2531 aliter
1199 2489 1238 2530 se
1269 2467 1396 2531 habent
1422 2488 1451 2532 2.
1480 2467 1583 2550 1103b
1608 2469 1649 2531 28
1681 2464 1720 2534 ί’
1742 2469 1861 2551 ἀγαθοί
1884 2465 2061 2552 γενώμεθα,

355 2613 415 2655 cur
439 2592 542 2678 igitur
566 2591 634 2655 iilic
658 2592 789 2675 respuit
811 2593 976 2678 γινώμεθα
998 2615 1019 2656 a
1043 2614 1097 2655 me
1121 2613 1166 2655 ex
1191 2593 1244 2656 Mb
1268 2592 1449 2657 refectum?

516 2719 569 2780 De
593 2739 623 2802 5.
652 2721 756 2782 1106⁸
780 2719 911 2801 24-26
935 2741 968 2782 v.
993 2740 1083 2802 quae
1106 2739 1213 2802 supra
1237 2720 1360 2785 monui.

514 2863 543 2927 7.
571 2853 675 2928 1107a
699 2864 738 2926 3²
764 2844 833 2910 δέον
857 2845 891 2909 δέ
915 2846 964 2910 ἐπί
987 2845 1106 2910 τούτων
1130 2857 1304 2929 συμφωνεῖν
1329 2859 1422 2908 recte
1445 2846 1547 2909 vertit
1573 2843 1791 2909 Rieckher:
1826 2845 1893 2908 und
1919 2843 1961 2907 im
1986 2845 2062 2908 Ein-

353 2968 467 3032 zeinen
494 2989 586 3032 muss
609 2968 665 3030 die
689 2968 956 3053 Untersuehung
988 2970 1045 3032 mit
1078 2971 1140 3032 der
1163 2969 1403 3033 Wirklichkeit
1427 2971 1807 3048 zusatnmenstimmen“,
1841 2987 1877 3034 at
1900 2971 1986 3034 haec
2010 2987 2062 3034 est

352 3093 548 3158 consecutio
573 3093 841 3158 antecedentium
873 3100 942 3180 περί
966 3096 1005 3158 τὰ
1028 3093 1107 3161 καθ’
1129 3099 1248 3162 έιιαστα
1271 3098 1303 3160 αί
1327 3097 1449 3182 πράξεις
1482 3117 1669 3179 rursusque
1701 3095 1799 3160 simul
1835 3097 1868 3159 id
1902 3097 2060 3173 continet,

352 3221 445 3301 quod
473 3236 545 3284 erat
570 3221 889 3284 demonstrandum:
923 3223 969 3287 δεῖ
1000 3221 1034 3287 δὲ
1065 3233 1157 3287 τοῦτο
1181 3226 1223 3309 μή
1247 3223 1339 3307 μόνον
1363 3221 1508 3288 καθόλου
1532 3223 1693 3307 λέγεσθαι,
1717 3224 1801 3288 ἀλλὰ
1823 3225 1876 3287 καί
1898 3229 1962 3300 τοῖς
1983 3218 2063 3286 καθ’

352 3349 472 3411 ἕκαστα
494 3346 694 3430 ἐφαρμόττειν
719 3344 765 3428 (ν.
792 3349 833 3410 28
858 3345 939 3430 sq.):
964 3369 1081 3411 rursus
1104 3347 1219 3432 igitur,
1245 3363 1280 3410 ut
1304 3347 1435 3430 scripsi,
1460 3350 1497 3433 δή
1521 3347 1737 3411 scribendum
1763 3364 1823 3412 est.

516 3471 618 3555 11on
647 3491 685 3534 ιο
708 3493 784 3554 sqq.
821 3487 900 3554 post
933 3477 1001 3560 περί
1035 3473 1069 3538 δέ
1101 3475 1185 3539 δόσιν
1215 3474 1382 3560 χρημάτων
1405 3476 1459 3538 καί
1482 3475 1576 3558 λῆψιν
1600 3474 1732 3560 μεσότης
1756 3477 1812 3561 μέν
1834 3472 2061 3559 ἐλευθεριότης,

352 3597 507 3682 ὑπερβολή
532 3599 565 3662 δέ
588 3599 641 3661 καί
665 3595 800 3683 ἔλλειψις
824 3599 943 3664 ἀσωτία
965 3602 1018 3663 καί
1041 3596 1246 3685 ἀνελευθερία
1274 3613 1433 3661 secuntur
1456 3598 1600 3677 ἐναντίως
1622 3595 1651 3664 δ’
1673 3599 1795 3677 ἑαυταῖς
1818 3601 2062 3685 ὑπερβάλλουσιν

352 3723 404 3786 καί
432 3722 672 3788 έλλείπουσιν·ό
697 3725 752 3808 μέν
785 3729 845 3810 γὰρ
880 3727 999 3802 ἄσωτος
1034 3727 1067 3791 ἐν
1102 3725 1157 3809 μὲν
1188 3722 1312 3812 προέσει
1344 3724 1530 3810 ὑπερβάλλει
1560 3727 1593 3790 ἐν
1626 3727 1660 3791 δέ
1692 3726 1784 3811 λήψει
1810 3727 1955 3810 ἐλλείπει,
1984 3728 2001 3790 ό
2029 3727 2062 3791 δέ

351 3847 557 3932 ἀνελέυθερος
580 3849 613 3912 ἐν
637 3847 692 3934 μέν
716 3849 807 3933 λήψει
836 3851 1022 3936 ὑπερβάλλει
1045 3852 1078 3916 ἐν
1102 3851 1136 3916 δέ
1159 3850 1282 3937 προέσει
1307 3849 1441 3914 ἐλλείπει
1464 3870 1540 3913 cum
1566 3850 1617 3913 his
1641 3851 1744 3915 variis
1768 3848 1985 3915 lectionibus:
2022 3873 2054 3912 ιι

353 3967 504 4050 δ’έαυταῖς
527 3972 576 4034 L¹²
600 3988 634 4036 et
659 3995 704 4036 rc.
729 3972 786 4052 C0,
820 3972 961 4053 δ’έαυτὰς
984 3976 1033 4038 N¹'
1058 3975 1106 4038 0¹
1135 3975 1190 4052 P‘J,
1220 3977 1254 4039 δὲ
1278 3979 1383 4052 αὑταῖς
1407 3976 1472 4054 Mb,
1502 3976 1536 4041 δὲ
1560 3979 1655 4052 αὑτὰς
1680 3973 1732 4040 Ob
1756 3976 1848 4054 Ald,
1874 3973 1943 4041 κατ’
1967 3979 2061 4053 αὑτὰς

353 4097 404 4174 Z0,
428 4101 524 4176 αὑτὰς
548 4119 599 4180 pr.
624 4098 681 4176 C0,
716 4101 749 4164 δὲ
773 4103 825 4166 καί
848 4101 939 4165 αὑται
963 4101 996 4182 Γ,
1021 4103 1055 4166 δέ
1079 4101 1141 4178 Kb,
1175 4122 1321 4183 cumque
1353 4099 1402 4163 sic
1436 4101 1503 4164 hoc
1534 4101 1614 4165 loco
1648 4102 1833 4164 admodum
1868 4099 1986 4184 lapsus
2019 4101 2061 4164 sit

352 4223 502 4306 optimus
519 4223 644 4302 codex,
670 4224 802 4307 optimo
820 4224 1013 4289 testimonio
1031 4227 1159 4290 codicis
1176 4225 1341 4309 dignitate
1357 4225 1495 4289 secundi
1517 4225 1562 4288 Lb
1587 4226 1702 4290 nititur
1718 4225 1888 4309 scriptura
1911 4222 2061 4304 δ’έαυταῐς

353 4364 433 4430 post
458 4347 685 4411 Bekkerum
711 4368 744 4412 et
768 4351 1060 4414 Ramsauerum
1093 4373 1114 4414 a
1138 4372 1192 4413 me
1225 4371 1365 4433 quoque
1392 4351 1555 4434 reposita,
1590 4351 1643 4414 cui
1667 4368 1849 4434 praetcrea
1872 4352 2062 4434 opitulatur

352 4471 456 4537 lectio
473 4496 518 4536 ex
535 4471 592 4537 illa
610 4475 700 4538 haud
719 4475 823 4538 dubie
841 4476 1031 4559 depravata
1049 4473 1198 4554 δ’ἐαυτάς.
1238 4476 1461 4541 Nihilominus
1485 4499 1560 4539 eam
1585 4476 1773 4542 reiecerunt
1791 4477 2061 4557 Rassoviustt)

353 4613 387 4661 et
409 4598 616 4682 Bywater,
641 4619 789 4681 quorum
812 4599 871 4664 ille
894 4599 951 4664 vel
975 4598 1035 4667 δ’ἐν
1058 4605 1164 4677 αὑταῖς
1198 4602 1254 4666 vel
1288 4624 1363 4666 cum
1387 4602 1443 4666 Mb
1467 4599 1601 4681 δἀὑταῖς
1624 4603 1841 4668 scribendum
1868 4625 1943 4668 esse
1967 4619 2061 4668 ratus

352 4723 419 4787 hoc
445 4723 615 4806 praetulit,
646 4725 771 4789 rectius
795 4725 848 4788 hic
872 4724 1013 4808 illudiss).
1062 4727 1154 4792 Sanc
1187 4729 1298 4811 potuit
1332 4728 1381 4791 sic
1412 4729 1565 4792 scribere
1597 4746 1727 4806 auctor,
1763 4746 1797 4793 at
1831 4727 1923 4793 clare
1955 4745 2061 4812 atque

513 4919 547 4986 ³⁵)
565 4923 633 4972 Mus.
653 4923 737 4972 Rhen.
757 4923 815 4972 XL.
840 4927 914 4985 1885.
934 4939 961 4988 p.
982 4938 1041 4986 315.

512 5009 545 5077 36)
564 5013 596 5063 V.
617 5013 767 5075 Bywater
796 5012 993 5063 Contributions
1017 5025 1044 5063 to
1073 5016 1117 5063 the
1142 5014 1239 5063 textuai
1260 5015 1384 5064 criticism
1410 5015 1442 5064 os
1463 5014 1611 5064 Aristotie's
1631 5015 1827 5064 Nicomachean
1847 5017 1945 5078 ltthtcs,
1971 5017 2059 5065 Oton.

356 5104 430 5162 1892.
451 5116 477 5165 p.
499 5115 545 5163 30:
578 5103 653 5160 ,The
677 5101 807 5151 amended
827 5103 939 5166 reading
958 5105 1030 5166 here,
1050 5105 1101 5154 δ’ἐν
1120 5103 1217 5164 αὑταῖς,
1248 5104 1270 5152 is
1290 5103 1373 5152 based
1395 5121 1429 5152 on
1449 5105 1503 5153 that
1522 5105 1546 5152 in
1568 5104 1624 5165 Lb,
1652 5104 1789 5166 δ’έαυταῖς,
1817 5105 1902 5154 which
1922 5119 1981 5168 may
2002 5105 2060 5154 urii

353 5201 491 5256 represent
512 5193 645 5254 θέαυταίςι
673 5207 762 5256 comp.
781 5193 825 5242 the
845 5193 984 5244 confusion
1005 5194 1037 5243 of
1053 5193 1108 5245 οὐδ’
1126 5194 1154 5244 ἐν
1172 5191 1223 5242 and
1243 5191 1305 5242 υὺόέ
1332 5193 1358 5241 in
1388 5193 1431 5240 the
1450 5193 1527 5244 MSS.
1553 5193 1579 5242 in
1602 5196 1686 5242 ιιιθἰ
1709 5197 1747 5244 ro.
1794 5195 1854 5243 ΤΙιε
1883 5195 2060 5246 construction
