4850 5918
1212 314 1264 378 XI

387 527 720 610 comprehenduntur
745 528 858 610 capita
888 528 944 592 lV.
969 529 1011 594 V.
1038 529 1084 592 Vl
1108 527 1525 613 (1105b19—1107'227).
1574 530 1648 594 VIII
1672 528 2090 614 (1108'211-1109219),

386 654 545 735 quoniam
570 654 677 718 verba
701 657 754 718 καὶ
778 665 844 731 πῶς
871 652 1061 736 (ιιοηλκο)
1093 655 1193 716 etiam
1218 656 1332 718 octavi
1364 671 1569 738 argumento
1600 655 1824 720 satisfaciunt:
1857 656 1958 720 tertia
1989 656 2091 740 igitur

387 801 467 862 pars
491 793 542 842 est
566 777 677 842 solum
703 800 732 842 c.
757 778 808 840 IX
832 779 1009 862 (1109l24
1033 779 1222 862 &rb-¹¹26).
1270 780 1313 843 Et
1338 781 1368 842 in
1393 779 1535 864 singulis
1559 779 1643 843 locis
1672 801 1782 862 paene
1811 781 1969 845 minutiae
1997 782 2091 845 dum·

387 919 484 968 taxat
507 919 594 979 sunt,
619 925 709 986 quae
734 902 832 968 nobis
855 903 1039 985 scrupulos
1063 904 1208 968 iniciant.

546 1047 617 1110 Cur
645 1069 671 1110 1.
701 1057 856 1130 1103222
887 1049 980 1114 αὐτὸν
1012 1069 1033 1111 a
1058 1049 1109 1112 Κλ
1143 1050 1197 1111 Ml
1226 1048 1321 1132 C0‘20)
1350 1049 1391 1112 Ρλ
1416 1049 1579 1131 Paraphr.
1605 1048 1646 1134 (i)
1670 1049 1831 1112 omissum
1865 1070 2011 1131 eamque
2043 1051 2091 1113 ob

386 1195 521 1237 causam
547 1195 567 1236 a
593 1175 845 1238 Ramsauero
869 1189 902 1236 et
928 1195 981 1236 me
1004 1173 1188 1256 expulsum
1205 1175 1390 1238 restituerit
1416 1175 1619 1257 Bywater,
1645 1175 1803 1258 equidem
1830 1195 1894 1238 non
1912 1195 2089 1256 assequor.

387 1297 563 1362 Difficilius
587 1313 639 1362 est
663 1299 856 1374 decernere,
881 1319 966 1360 anne
992 1318 1020 1360 2.
1051 1299 1154 1382 1103¹’
1168 1320 1207 1382 33
1233 1303 1250 1365 ό
1274 1318 1354 1364 ante
1377 1303 1473 1386 όρδδς
1496 1301 1588 1386 λόγος
1613 1314 1730 1363 contra
1754 1321 1872 1362 omnes
1896 1301 2008 1363 sontes
2025 1321 2090 1364 me·

385 1422 488 1488 liores
512 1445 588 1486 cum
614 1423 830 1506 Byuratero
854 1423 983 1486 addere
1009 1423 1126 1506 utique
1150 1445 1239 1506 opus
1263 1425 1316 1490 sit.
1364 1425 1435 1489 Cur
1457 1446 1488 1508 4.
1518 1425 1618 1509 ιιο5λ
1637 1447 1675 1508 19
1698 1426 1787 1488 idem
1813 1425 1865 1489 vir
1885 1424 2090 1502 clarissimus

386 1565 503 1612 contra
528 1569 656 1611 rnorem
673 1569 771 1611 suum
797 1548 950 1611 codicem
968 1549 1133 1630 optimum
1157 1549 1222 1612 hoc
1246 1549 1324 1613 loco
1353 1551 1454 1614 etiam
1480 1549 1526 1612 C⁰
1551 1565 1583 1614 et
1608 1549 1656 1613 0¹
1688 1549 1783 1614 libris
1811 1550 1963 1614 adiutum
1988 1551 2087 1615 dese·

386 1673 500 1750 ruerit,
532 1674 651 1736 iterum
681 1694 746 1736 non
778 1672 933 1755 dispicio.
989 1673 1145 1755 Denique
1181 1696 1266 1737 nunc
1301 1695 1442 1758 quoque
1467 1695 1497 1759 5.
1529 1676 1631 1740 ιιοόλ
1659 1699 1696 1758 ¹3
1732 1675 1857 1739 rectius
1893 1697 1968 1739 esse
2004 1690 2090 1758 puto

385 1799 537 1882 recipere
561 1801 587 1863 εἰ
609 1801 647 1884 δη
672 1800 700 1862 οἱ
723 1798 913 1875 lectionem,
938 1797 1047 1861 lenem
1071 1799 1098 1862 εἰ
1122 1795 1149 1864 δ’
1173 1799 1201 1864 οἱ
1232 1800 1422 1882 scripturae
1447 1821 1466 1862 a
1500 1802 1551 1864 Κλ
1576 1801 1623 1864 C⁰
1653 1802 1801 1865 traditae
1832 1801 2089 1879 correctionem,

384 1947 485 2009 quam
511 1946 587 1988 curn
613 1925 831 2007 Bywatero
854 1923 1032 2008 vulgatam
1061 1926 1090 1989 οἱ
1113 1921 1140 1990 δ’
1163 1925 1319 1988 retinere.
1367 1925 1452 1989 Cum
1478 1927 1564 1989 enim
1594 1928 1804 2010 praecedant
1828 1929 1984 2009 v.8sqq.
2002 1928 2030 1992 εἰ
2052 1929 2089 2010 δὴ

382 2063 468 2116 πᾶσα
483 2050 635 2135 ἐπιστήμη
652 2053 749 2126 οὕτως
765 2053 801 2114 τό
816 2051 906 2134 ἔργον
923 2047 958 2114 εὖ
974 2051 1116 2132 ἐπιτελεῖ,
1133 2053 1208 2135 πρός
1224 2051 1259 2112 τὸ
1278 2050 1373 2135 μέσον
1389 2050 1548 2136 βλέπουσα
1568 2055 1621 2116 καί
1642 2054 1685 2130 εἰς
1700 2063 1792 2117 τοῦτο
1808 2056 1930 2137 ἄγουσα
1949 2056 1989 2117 τὰ
2012 2055 2089 2136 ἐργσι

383 2173 472 2259 (ὅθεν
493 2175 643 2241 εἰώθασιν
666 2175 818 2258 ἐπιλέγειν
841 2187 903 2252 τοῖς
926 2173 961 2240 εὖ
985 2177 1109 2260 ἔχουσιν
1132 2177 1231 2260 ἔργοις
1255 2179 1301 2240 ότι
1325 2179 1396 2240 οὔτε
1420 2178 1545 2261 ἀφελεῖν
1569 2179 1651 2242 ἔστιν
1675 2181 1746 2242 οὔτε
1761 2177 1954 2262 aptatam,
1979 2177 2021 2254 ὡς
2036 2187 2090 2260 της

384 2305 438 2386 μὲν
462 2301 633 2386 ὑπερβολῆς
657 2304 709 2366 καί
733 2309 788 2383 τῆς
811 2301 979 2384 ἐλλείψεως
1003 2301 1192 2386 φθειρούσης
1216 2304 1252 2365 τό
1276 2299 1320 2384 εὖ,
1344 2309 1400 2383 τῆς
1423 2303 1457 2366 δὲ
1482 2300 1649 2387 μεσότητος
1673 2299 1859 2387 σῳζούσης),
1873 2321 1937 2364 nou
1962 2322 2088 2364 novum

383 2427 558 2510 quoddam
583 2427 729 2491 adiciunt
747 2425 775 2489 οἱ
799 2428 915 2510 ἀγαθοὶ
931 2437 1077 2509 τεχνῖται,
1094 2425 1136 2504 ὡς
1160 2426 1301 2511 λέγομεν,
1319 2430 1394 2512 πρὸς
1410 2437 1502 2492 τοῦτο
1519 2425 1683 2512 βλέποντες
1699 2426 1880 2512 ἐργάζονται
1896 2425 1941 2510 (ν.
1960 2447 1996 2508 13
2009 2428 2086 2509 sq.),

383 2569 419 2616 ut
436 2552 487 2616 his
504 2554 641 2616 demum
664 2551 781 2616 verbis
802 2552 1016 2635 parenthesis
1037 2551 1250 2628 absolvatur,
1272 2552 1333 2615 sed
1355 2568 1513 2634 repetunt
1534 2551 1680 2637 priorem
1702 2551 1856 2634 protasin
1873 2551 1932 2614 tali
1948 2550 2088 2628 ratione,

383 2676 475 2761 quali
492 2678 556 2742 iam
582 2678 778 2761 parenthesi
801 2677 994 2741 accuratius
1010 2676 1179 2740 illustrata
1203 2693 1264 2756 est,
1289 2693 1326 2741 ut
1350 2678 1416 2741 hoc
1440 2698 1582 2761 quoque
1598 2678 1677 2741 loco
1694 2678 1847 2764 ἐπιστήμη
1864 2691 1898 2739 et
1913 2675 2006 2762 τέχνη
2024 2695 2087 2739 non

382 2803 557 2866 severiore
591 2823 651 2867 usu
684 2801 847 2884 loquendi
878 2803 1033 2866 adhibito
1070 2804 1154 2866 inter
1189 2823 1227 2866 se
1261 2819 1490 2886 opponantur,
1527 2802 1588 2866 sed
1625 2803 1657 2865 in
1692 2823 1793 2865 unum
1829 2801 2089 2883 quodammodo

383 2945 517 2992 coeant:
543 2943 690 3011 apparet
714 2929 780 2991 hoc
805 2950 824 2990 e
849 2949 939 2992 nova
963 2929 1094 3010 protasi
1116 2932 1137 3014 ἡ
1161 2925 1187 2994 δ’
1210 2931 1304 3014 ἀρετὴ
1328 2929 1430 3014 πόσης
1452 2927 1584 3015 τέχνης
1608 2928 1811 3015 ἀκριβεστέρα
1834 2950 1864 2992 κ.
1877 2950 1904 2992 τ.
1918 2928 1946 2992 λ.

543 3071 651 3135 Multo
676 3069 832 3154 pluribus
856 3072 941 3134 locis
966 3071 1155 3154 Bywater
1178 3070 1289 3134 solum
1314 3072 1365 3134 Κλ
1400 3072 1555 3136 codicem
1589 3087 1730 3136 secutus
1765 3086 1826 3148 est,
1863 3070 1921 3134 ubi
1954 3089 2024 3154 ego
2057 3071 2088 3133 in

384 3195 526 3279 vulgata
550 3196 717 3279 acquievi.
763 3218 789 3259 ι.
820 3199 922 3278 1103b
946 3219 967 3280 9
990 3195 1113 3260 omittit
1131 3218 1207 3259 cum
1225 3219 1267 3260 eo
1283 3200 1312 3262 οἱ
1328 3214 1405 3261 ante
1421 3201 1524 3276 κακοὶ,
1550 3199 1645 3280 quod
1663 3214 1699 3261 ut
1716 3196 1787 3260 lieri
1804 3213 1918 3280 queat,
1944 3197 2087 3260 eundem

382 3321 560 3384 articulum
590 3322 692 3384 etiam
725 3337 803 3385 ante
835 3324 954 3406 ἀγαθοὶ
988 3319 1170 3385 delendum
1195 3343 1270 3386 esse
1305 3325 1418 3406 probe
1451 3321 1630 3406 intellegit:
1666 3339 1700 3386 et
1724 3322 1980 3386 commendatur
2005 3321 2089 3384 haec

382 3463 499 3511 textus
533 3448 759 3511 constituendi
792 3447 879 3510 ratio
913 3469 976 3510 non
1010 3445 1121 3511 solum
1156 3469 1209 3524 eo,
1244 3449 1338 3530 quod
1371 3465 1494 3531 postea
1524 3471 1556 3512 ν.
1585 3471 1620 3512 11
1648 3469 1700 3531 sq.
1729 3451 1846 3532 ἀγαθοὶ
1874 3445 2032 3529 οἰκοδόμοι
2055 3461 2088 3509 et

381 3576 474 3637 κακοί
499 3573 624 3636 dictum
650 3587 711 3649 est,
737 3573 974 3636 verumetiam
1000 3593 1052 3650 eo,
1078 3575 1170 3656 quod
1197 3597 1229 3637 v.
1260 3595 1298 3637 ro
1321 3576 1349 3640 ol
1372 3590 1450 3658 ante
1471 3576 1628 3660 οἰκοδόμοι
1651 3574 1683 3637 in
1708 3573 1936 3636 deterioribus
1959 3587 2087 3636 tantum

383 3699 532 3762 sontibus
557 3699 607 3761 Ηλ
630 3699 679 3761 Νλ
705 3699 746 3760 Ζλ
770 3698 821 3762 0¹
847 3699 892 3762 1³2
916 3699 997 3762 Ald.
1023 3699 1187 3781 Parapltr.
1205 3699 1382 3776 invenitur,
1399 3714 1614 3782 quapropter
1631 3699 1676 3761 ibi
1698 3697 1835 3762 seclusit
1857 3699 2087 3771 Ramsauer,

383 3825 552 3907 expunxit
578 3824 778 3906 Bywater.
835 3825 883 3888 At
909 3825 1066 3888 facillime
1090 3827 1118 3888 οἱ
1142 3825 1303 3888 excidere
1328 3824 1439 3906 potuit
1463 3839 1542 3887 ante
1564 3825 1731 3908 οἰκοδόμοι,
1764 3837 1898 3885 etcum
1923 3822 1989 3885 hoc
2011 3821 2087 3884 arti-

384 3949 462 4012 culo
486 3965 564 4012 ante
588 3949 688 4016 λοιποὶ
713 3971 1083 4032 carerenequeamuS,
1118 3949 1239 4013 dubito
1271 3950 1421 4014 scribere
1454 3951 1610 4036 οἰκοδόμοι
1634 3952 1687 4014 καί
1710 3950 1739 4014 οἱ
1762 3949 1863 4014 λοιποὶ
1887 3945 1977 4030 (nam
2001 3945 2087 4009 alius

384 4077 518 4156 generis
542 4091 620 4138 sunt
645 4096 734 4158 quae
765 4074 904 4138 contulit
930 4075 1138 4140 Vahlenus
1162 4075 1205 4138 ad
1230 4075 1325 4138 Poet.
1349 4095 1381 4156 4.
1410 4084 1512 4156 ¹449“
1539 4073 1580 4158 ι),
1609 4074 1637 4138 si
1665 4089 1777 4137 autem
1806 4075 1834 4138 οἱ
1857 4073 2012 4156 οἰκοδόμοι
2034 4073 2087 4134 καὶ

382 4204 409 4266 oi
432 4205 533 4268 λοιποὶ
568 4203 761 4286 recipienda
792 4220 879 4280 sunt,
917 4202 1017 4265 etiam
1054 4219 1154 4266 antea
1186 4217 1264 4266 sunt
1295 4200 1323 4264 oi
1346 4201 1464 4284 ἀγαθοὶ
1488 4203 1540 4264 καὶ
1563 4201 1592 4264 οἱ
1614 4201 1707 4264 κακοὶ
1730 4199 1885 4282 γίγνονται
1907 4197 2088 4281 κιθαρισταί

382 4327 566 4390 retinenda.
614 4328 747 4392 Dubius
781 4327 882 4390 etiam
915 4349 989 4390 sum
1015 4347 1044 4390 ο.
1074 4338 1178 4409 ιιοηλ
1202 4346 1253 4407 24,
1288 4327 1346 4389 ubi
1375 4323 1493 4388 esolo
1518 4325 1570 4387 Κλ
1593 4336 1707 4401 πᾶσαν,
1746 4323 1847 4405 1104b
1875 4325 1923 4400 18,
1960 4322 2018 4384 ubi
2041 4343 2087 4384 ex

384 4473 425 4514 eo
458 4452 535 4515 solo
567 4451 684 4538 πρῴην,
721 4475 750 4536 3.
779 4463 881 4536 1¹05“
906 4473 958 4530 21,
992 4453 1049 4515 ubi
1082 4475 1102 4515 e
1126 4453 1179 4515 Κλ
1203 4451 1249 4514 C⁰
1272 4451 1322 4515 0¹
1362 4471 1437 4512 cum
1474 4449 1660 4512 Bekkero
1696 4465 1729 4511 et
1767 4450 2013 4512 Ramsauero
2048 4451 2087 4511 τὰ

382 4577 524 4662 μουσικά,
553 4577 657 4661 1105b
681 4599 699 4640 2
724 4599 787 4662 sq,
813 4577 870 4641 ubi
903 4599 922 4640 e
953 4576 1030 4642 solo
1060 4577 1113 4640 Κλ
1148 4579 1236 4644 οὐδὲν
1258 4579 1279 4663 ἢ
1303 4575 1420 4662 μικρόν,
1455 4595 1487 4657 4.
1516 4575 1619 4659 1105¹³
1644 4595 1695 4650 22,
1732 4574 1789 4637 ubi
1814 4595 1833 4636 e
1855 4571 1939 4637 solis
1963 4572 2015 4636 Κλ
2039 4571 2087 4635 C⁰

540 4810 573 4874 λλ)
594 4811 660 4860 ntus
679 4811 757 4874 siglis
776 4827 843 4860 nunc
863 4821 922 4860 utor
941 4809 974 4858 ad
994 4811 1183 4873 algnificandos
1203 4810 1312 4860 codices
1333 4809 1497 4859 Britannicos
1523 4819 1603 4872 atque
1622 4809 1648 4857 in
1673 4807 1791 4856 editione
1811 4821 1882 4856 mea:
1902 4803 2000 4854 Ολλ·λ
2019 4821 2085 4854 nunc

382 4903 443 4950 milti
468 4912 527 4950 sunt
552 4902 588 4950 72⁰
609 4901 785 4965 (Oxoniensls
810 4900 908 4964 collegi
929 4901 1054 4964 corporis
1084 4901 1189 4964 curisti,
1219 4902 1287 4950 CCC
1310 4900 1380 4964 apud
1402 4898 1593 4948 Willrlnsonem
1614 4909 1640 4946 et
1659 4896 1835 4958 Stewartum),
1854 4893 1890 4944 0¹
1911 4895 2085 4959 (Oxonlensis

382 4991 480 5053 collegi
501 4993 573 5054 nori,
594 4989 662 5056 CN),
683 4993 722 5039 CC
744 4989 994 5055 (Cantabrigiensis,
1014 4991 1077 5040 olim
1098 4992 1202 5040 loannis
1220 4992 1289 5040 Mori
1320 4991 1442 5054 episcopi
1473 4988 1595 5049 Ellensis,
1615 4989 1791 5036 Willtiusonitr
1819 4986 1873 5036 Et:
1902 4987 1998 5046 erravI,
2027 5000 2084 5032 cum

382 5081 576 5144 huncquoque
595 5079 717 5130 codicem
737 5096 798 5128 esse
818 5080 998 5128 Oxoniensem
1020 5079 1159 5144 putarem).
1189 5080 1312 5144 Optimus
1333 5095 1422 5128 eorum
1445 5089 1471 5127 et
1490 5078 1686 5141 antiquissimus
1706 5087 1747 5125 est
1766 5078 1823 5136 Cc,
1844 5075 1877 5124 de
1897 5091 1951 5138 quo
1972 5090 1996 5124 v.
2016 5087 2085 5138 quae

382 5171 469 5218 monui
490 5171 515 5218 in
534 5169 576 5218 ed.
596 5170 684 5232 Magn.
705 5169 773 5219 Mor.
793 5185 819 5232 p.
842 5168 907 5218 Vlll.
927 5170 966 5218 ze
988 5168 1109 5218 codicem
1129 5171 1154 5218 ln
1174 5170 1278 5233 Magnis
1297 5169 1445 5218 Moralibus
1470 5168 1489 5216 Z
1513 5177 1576 5216 uota
1604 5166 1728 5228 insignivi
1758 5163 1943 5214 Beklterutn
1972 5171 2084 5221 SeculuS,

381 5270 407 5308 at
426 5261 487 5324 lpse
505 5259 637 5308 Belrker
656 5259 681 5308 in
701 5258 760 5308 alils
780 5257 909 5324 operibus
929 5259 996 5308 hanc
1014 5268 1103 5308 notam
1122 5258 1168 5308 alil
1187 5258 1275 5308 codicl
1294 5257 1391 5307 tribuit.
