4820 5922
1148 401 1239 476 XIV

319 612 552 696 τεχνολογοῦσιν
574 605 639 671 ὅσοι
660 601 761 670 τᾶλλα
783 602 965 696 διορίζουσιν,
998 608 1058 674 οἷον
1080 614 1109 674 τί
1130 605 1177 676 δεῖ
1194 607 1230 676 τὸ
1264 613 1415 698 προοίμιον
1436 607 1455 682 ἦ
1479 606 1535 681 τὴν
1556 601 1692 694 διήγησιν
1711 613 1788 693 ἔχειν
1813 609 1863 670 aab
1885 611 1948 669 τῶν
1969 602 2075 667 ἀλλων

319 727 447 789 ἕκαστον
469 728 584 814 μορίων,
608 727 725 810 quibus
749 731 863 792 mirum
887 731 920 793 in
944 731 1072 795 modum
1094 733 1233 797 abutitur
1255 732 1293 796 ad
1316 731 1570 796 concludendum
1594 749 1635 793 cx
1649 731 1695 792 eis
1712 730 1861 792 omissam
1878 746 1950 790 esse
1966 726 2072 806 dispo-

319 849 467 911 sitionem
490 851 618 930 „utpote
640 847 814 930 indiguum.
837 850 890 912 cui
911 853 1058 933 proprius
1087 851 1176 916 locus
1203 854 1419 936 assignaretur
1451 851 1534 914 inter
1555 851 1718 932 primarias
1742 848 1911 911 rhetorices
1931 846 2074 928 partes‘,

318 965 414 1048 plane
436 965 553 1030 oblitus
576 969 670 1030 ctiam
690 987 780 1031 suam
805 970 981 1032 secundum
1003 974 1191 1037 sententiam
1215 974 1386 1036 elocutioni
1411 990 1538 1054 quoque
1559 972 1640 1032 inter
1662 971 1747 1052 ipsas
1770 968 1942 1031 rhetoricae
1965 967 2071 1048 partes

323 1107 385 1150 non
413 1090 571 1171 assignari
595 1088 708 1150 locuni.
738 1086 908 1154 Praeterea
930 1111 959 1150 r.
984 1089 1041 1172 lli,
1067 1093 1113 1154 13.
1139 1091 1233 1156 1414·
1256 1093 1295 1156 37
1320 1112 1388 1176 sqq¹
1412 1095 1460 1151 νῦν
1481 1082 1516 1152 δὲ
1548 1080 1691 1174 διαιροῦσι
1719 1087 1844 1170 γελοίως
1866 1109 1893 1146 κ.
1916 1108 1943 1152 τ,
1966 1081 2074 1166 hel).

321 1205 404 1290 Ergo
428 1206 513 1270 aliud
535 1207 712 1270 remedium
735 1213 783 1270 cst
806 1209 1031 1290 quaerendum.
1076 1209 1191 1274 Verbis
1211 1201 1349 1296 δεύτερον
1371 1204 1406 1274 δὲ
1427 1206 1464 1273 τὸ
1487 1214 1588 1272 ταῦτα
1608 1213 1647 1290 τῇ
1668 1199 1750 1281 λέξει
1771 1197 1937 1268 διαθέσθαι
1953 1206 2073 1268 Aristo·

321 1323 399 1388 tales
421 1330 452 1387 et
474 1326 686 1390 elocutionem
707 1327 944 1410 comprehendit
966 1332 997 1390 et
1020 1319 1156 1390 διάθεσιν
1182 1332 1250 1394 sive
1284 1323 1378 1406 τάξινε
1414 1351 1478 1395 nnn
1502 1333 1589 1395 enim
1616 1334 1709 1393 antea
1731 1329 1905 1392 sententias
1926 1325 2071 1390 ordinare

320 1447 424 1510 solent
446 1450 594 1528 craterae,
616 1447 731 1510 deinde
754 1446 860 1510 verbis
882 1450 1070 1532 exprimere,
1094 1450 1150 1514 sed
1171 1457 1339 1534 postquam
1357 1453 1388 1513 in
1405 1451 1593 1514 universum
1612 1447 1673 1510 sibi
1696 1447 1967 1527 excogitaverunt,
1988 1463 2070 1527 qrrae

322 1567 426 1630 dicere
449 1568 558 1648 velint,
574 1569 752 1631 accuratius
771 1570 841 1650 ipsa
863 1567 969 1650 verba,
994 1568 1112 1652 quibus
1135 1570 1344 1652 exprimenda
1365 1571 1443 1634 haee
1467 1573 1552 1651 sunt,
1575 1567 1670 1632 simul
1694 1565 1854 1630 elaborare
1874 1570 1904 1628 et
1926 1564 2068 1627 ordinem

321 1687 434 1750 horum
456 1685 635 1750 verborum.
679 1686 769 1750 Bene
792 1689 889 1771 igitur
918 1687 1142 1752 Knebelius
1164 1691 1211 1752 sic
1232 1690 1287 1755 illa
1304 1690 1419 1754 reddit:
1453 1710 1545 1770 „zum
1580 1689 1719 1752 Zweiten
1752 1685 1872 1748 sedena
1898 1685 1956 1746 uie
1980 1683 2068 1746 diosc

323 1807 355 1869 in
379 1804 647 1889 wohlgeordneter
667 1803 756 1869 Rode
779 1804 992 1870 darzustelleu
1016 1809 1135 1871 scien“.
1183 1808 1296 1874 Utrum
1319 1811 1528 1874 nihilominus
1551 1811 1667 1872 rectius
1691 1807 1871 1888 dispositio,
1896 1809 1928 1866 ut
1949 1801 2072 1866 Rabei

325 1924 429 1989 verbis
451 1929 530 2006 utar,
552 1925 590 1988 ad
610 1921 818 2011 πραγματικὸν
839 1918 940 2006 τόπον,
964 1947 1028 1990 non
1052 1927 1091 1991 ad
1123 1923 1262 1992 λεκτικὸν
1296 1931 1337 1992 sit
1368 1929 1542 2010 referenda,
1572 1949 1635 1993 non
1659 1926 1844 2010 quaerimus
1867 1943 1968 1987 nuuc:
2001 1924 2073 1986 Ari·

324 2047 427 2110 stoteli
449 2050 498 2110 est
528 2037 586 2119 ἐξω
608 2050 663 2108 τοῦ
685 2037 868 2132 πράγματος,
891 2049 923 2110 id
946 2047 1030 2132 quod
1053 2049 1121 2132 ipse
1143 2049 1219 2111 dicit
1239 2048 1344 2114 verbis
1367 2070 1462 2134 supra
1484 2050 1586 2113 citatis
1609 2052 1639 2110 et
1660 2046 1699 2110 ab
1722 2049 1793 2128 ipso
1815 2042 1970 2122 Rabeo,
1991 2043 2074 2104 sicut

324 2166 474 2248 vidimus,
496 2167 609 2230 allatis.
656 2165 744 2242 Quae
764 2187 835 2230 cum
860 2169 904 2232 ita
927 2170 1001 2250 sint,
1035 2166 1392 2251 camerinensem,
1426 2167 1634 2250 Zellero³⁷),
1670 2166 1892 2246 Dialesioe)
1928 2162 2071 2225 credein

325 2303 454 2368 operum
478 2285 737 2349 Aristoteleorum
769 2267 985 2370 indice'apnd
1007 2283 1168 2351 Ιιιοιιίιιοι
1191 2287 1367 2372 Diogenem
1402 2289 1441 2372 V,
1472 2289 1510 2350 21
1537 2307 1605 2374 sqq.
1636 2307 1677 2350 ex
1700 2286 1888 2370 Hermippo,
1924 2301 2008 2362 non,
2041 2283 2075 2342 ut

324 2405 460 2488 nuno³⁹)
484 2403 738 2489 Dielcsius⁴⁰)
760 2425 832 2470 cum
855 2406 1074 2489 Bernaysie
1097 2413 1129 2471 et
1149 2405 1278 2472 Rosea
1300 2411 1446 2494 putat⁴¹),
1469 2429 1510 2472 er
1533 2409 1715 2472 Andronico
1738 2407 1848 2470 hausto
1872 2406 1906 2466 ut
1927 2399 2074 2465 titulare

331 2536 439 2624 τέχνης
469 2542 622 2626 ῥητορικῆς
654 2565 674 2602 α
696 2545 715 2622 β
735 2542 815 2606 duos
836 2544 957 2626 priores
978 2540 1218 2608 Rhetoricorum
1241 2549 1421 2610 nostrorum
1443 2545 1541 2608 libros
1563 2547 1606 2608 ita
1629 2544 1719 2607 titulo
1742 2544 1781 2606 st
1797 2542 1861 2626 περὶ
1881 2531 1993 2614 λέξεως
2007 2523 2078 2618 alt

331 2662 458 2724 tertium
481 2667 629 2726 nostrum
646 2663 828 2747 significari,
851 2669 883 2727 et
903 2665 947 2728 ita
969 2664 1097 2747 quidem
1113 2665 1296 2749 significari,
1318 2671 1352 2730 ut
1366 2665 1532 2750 Hermippi
1545 2671 1686 2748 tempore
1700 2683 1774 2728 eum
1788 2665 1823 2726 in
1839 2663 1918 2725 duos
1941 2660 2081 2724 divisum

331 2781 432 2844 luisse
454 2800 613 2864 censeam,
637 2803 771 2868 qnerurn
797 2787 881 2867 prior
902 2784 942 2848 de
963 2785 1153 2868 elocutione,
1185 2788 1338 2869 posterior
1373 2787 1411 2850 de
1434 2786 1640 2870 dispositione
1663 2783 1961 2848 commentationem
1983 2779 2082 2842 conti-

332 2903 451 2965 nuerit:
486 2907 518 2966 et
538 2905 634 2967 reicio
657 2903 792 2968 futtilem
814 2909 845 2968 et
866 2906 1012 2969 inutilem
1039 2903 1163 2970 Rabei
1193 2911 1407 2970 coniecturam
1438 2907 1568 2972 uberius
1591 2907 1695 2990 potins
1717 2905 1877 2988 opinantis
1901 2899 2082 2964 Aristotelis

333 3042 412 3107 opus
435 3043 522 3087 nunc
544 3024 739 3109 deperditum
764 3023 823 3089 sub
855 3028 913 3090 hoc
945 3026 1036 3090 titulo
1063 3027 1160 3092 latere
1182 3028 1242 3090 soli
1273 3029 1446 3092 elocutioni
1476 3028 1665 3107 dedicatum,
1685 3045 1727 3088 ex
1749 3043 1812 3108 quo
1834 3023 1970 3107 epitome
1992 3019 2083 3083 dum·

332 3147 419 3206 taxat
442 3145 483 3206 sit
504 3143 681 3208 dissertatio
703 3145 796 3209 nobis
819 3151 952 3229 servata,
985 3149 1053 3211 sire
1075 3147 1114 3210 ab
1140 3148 1210 3232 ipsu
1235 3147 1404 3210 Aristotele
1426 3149 1460 3210 in
1483 3167 1578 3211 usum
1601 3146 1773 3210 lectionum
1795 3147 1901 3229 parata
1931 3144 2018 3224 sive,
2051 3139 2083 3202 id

334 3263 418 3347 quod
445 3266 546 3349 magis
568 3263 696 3330 Rabeo
722 3267 836 3349 placet,
859 3266 1082 3331 electionibus
1106 3266 1145 3330 ab
1168 3268 1274 3350 aliquo
1289 3269 1360 3330 eius
1383 3267 1539 3348 discipulo
1555 3266 1667 3330 litteris
1691 3265 1845 3328 mandata.
1891 3260 1970 3337 Quis
1994 3260 2082 3323 euim

334 3382 430 3446 credit
452 3382 491 3446 de
512 3383 691 3448 elocutione
714 3385 794 3449 dares
817 3385 856 3450 ab
879 3405 916 3449 eo
940 3387 1073 3469 scriptos
1092 3387 1191 3450 luisse
1214 3385 1321 3461 librae,
1352 3405 1424 3448 cum
1450 3391 1556 3449 tamen
1588 3389 1657 3468 ipsa
1679 3405 1730 3449 ars
1751 3385 1832 3448 dnos
1855 3385 1978 3444 tantum
1999 3398 2083 3443 com-

334 3504 507 3587 plectatur?
530 3503 569 3566 llt
590 3504 728 3586 profecte
749 3507 792 3570 ita
813 3526 864 3570 res
888 3511 937 3570 est
958 3506 997 3570 ab
1018 3525 1055 3570 eo
1078 3509 1206 3568 tractata
1228 3508 1261 3568 in
1291 3507 1556 3570 commentatione
1579 3505 1671 3569 nobis
1693 3506 1820 3583 tradita,
1843 3509 1878 3566 ut
1900 3520 2005 3582 nemo,
2028 3501 2084 3584 qui

335 3643 431 3688 sanae
451 3627 566 3688 mentis
589 3631 637 3688 est
658 3629 690 3687 et
711 3631 849 3710 reputat,
881 3645 962 3710 quae
984 3627 1047 3689 iam
1070 3627 1257 3689 Aristoteles
1281 3627 1373 3707 scire,
1399 3645 1480 3708 quae
1502 3625 1645 3690 nondum
1667 3626 1748 3688 scire
1769 3623 1916 3708 potnerit,
1939 3618 2084 3684 uberiora

335 3747 376 3808 sit
398 3748 630 3828 expectaturus.
673 3745 793 3810 Mirum
814 3765 891 3810 sane
912 3751 968 3823 est,
992 3745 1075 3830 quod
1088 3748 1121 3808 in
1137 3747 1277 3830 catalogo
1292 3745 1444 3826 anonymi
1461 3743 1652 3828 ilsungum,
1673 3746 1703 3810 h.
1719 3763 1745 3807 e.
1761 3742 1914 3824 Hesychi,
1936 3741 2083 3826 quamvis

335 3903 376 3946 ex
397 3883 507 3948 eodem
532 3883 615 3947 haud
635 3882 731 3947 dubie
750 3885 837 3949 fonte
860 3887 1050 3966 manaverit,
1084 3883 1292 3947 nihilominus
1326 3885 1387 3946 iam
1410 3884 1560 3966 leguntur
1582 3881 1690 3968 τέχνης
1718 3883 1870 3967 ῥητορικῆς
1891 3905 1912 3965 γ
1935 3885 1996 3960 (no.
2023 3879 2085 3961 70),

336 4010 498 4090 praeterea
520 4007 585 4092 περὶ
607 3997 718 4079 λέξεως
748 4025 820 4069 cum
849 4007 956 4090 inepto
972 4003 1008 4086 ⁴²)
1037 4004 1249 4068 additamento
1280 4007 1416 4089 καθαρᾶς
1437 4007 1501 4086 (no.
1526 4005 1588 4084 79).
1634 4001 1797 4080 Quomodo
1819 4001 1878 4065 hoc
1899 4003 2016 4064 t'actum
2034 4001 2085 4082 sit,

502 4261 568 4328 35¹¹)
588 4263 689 4316 Contra
706 4261 852 4314 Isocratem
867 4258 1019 4312 hascdieta
1037 4273 1101 4316 esse,
1121 4256 1196 4310 cuius
1215 4257 1362 4310 ἀίιίειοιιοιι
1388 4257 1445 4326 ipse
1463 4256 1606 4311 retinuerit
1634 4255 1792 4310 Aristoteles
1819 4254 1851 4308 tr.
1880 4253 1930 4308 133
1955 4254 2025 4308 Ruso
2044 4254 2086 4320 (in

338 4348 378 4404 ed.
391 4349 475 4420 Lips.)
494 4351 522 4404 iu
541 4349 674 4420 prioribus
691 4349 843 4403 Rhetoricis
862 4347 917 4400 suis
936 4345 1147 4414 (Theodecteis),
1164 4347 1244 4414 putet
1261 4344 1435 4399 Dielesius
1452 4361 1478 4414 p.
1500 4341 1576 4397 1211.
1595 4343 1619 4396 3.

503 4439 551 4505 30)
571 4438 696 4492 οι.-ιοιιι.
714 4436 785 4491 Phil.
804 4435 842 4498 11,
860 4434 885 4489 2.
904 4451 928 4504 p.
948 4435 989 4486 79.
1008 4450 1033 4486 ιι.
1055 4433 1093 4486 ’9.

501 4525 549 4592 37)
568 4525 598 4578 L.
617 4524 635 4578 l.
653 4522 709 4588 11³,
730 4523 755 4576 2.
773 4539 799 4592 p.
818 4523 851 4576 77
870 4521 897 4574 in
921 4525 993 4574 note.

502 4611 549 4674 38)
567 4611 599 4665 L.
617 4611 634 4664 l.
653 4627 678 4679 p.
698 4612 739 4665 17.

502 4701 549 4763 39)
567 4699 638 4754 Nam
657 4702 737 4752 antea
755 4699 772 4752 l.
789 4699 807 4752 l.
826 4714 851 4766 p.
873 4697 903 4750 l?
922 4696 1096 4749 Dielcsins
1125 4711 1229 4764 quoque
1244 4695 1388 4766 scripserat
1406 4695 1479 4760 „Das
1501 4695 1539 4748 im
1562 4693 1659 4746 letzten
1678 4690 1786 4746 Grunde
1804 4692 1852 4744 aui
1868 4691 2026 4760 Hermippus
2043 4707 2087 4742 au·

336 4784 521 4852 rliolrgehende
540 4785 723 4838 Verzeiehniss
743 4783 789 4838 der
811 4781 1035 4838 Aristotelischen
1057 4781 1163 4835 Biicher
1182 4783 1223 4834 bei
1240 4781 1373 4849 Diogenes
1391 4785 1461 4835 etc.¹‘

504 4871 548 4935 40)
569 4871 650 4925 ΑιοΙι.
667 4871 683 4925 l.
703 4871 802 4926 Gesch.
822 4869 868 4924 der
885 4869 986 4924 Philos.
1006 4870 1026 4922 l.
1049 4870 1122 4924 1888.
1143 4887 1167 4938 p.
1186 4871 1245 4924 484.

503 4960 552 5026 41)
571 4959 657 5014 Probo
676 4975 743 5028 quae
764 4961 857 5012 contra
887 4974 946 5012 eum
967 4965 1057 5010 monet
1086 4957 1218 5012 ltabeue
1245 4973 1269 5026 p.
1290 4958 1332 5010 32.
1369 4956 1441 5022 Quae
1459 4955 1529 5010 idem
1548 4956 1648 5026 profert
1666 4969 1690 5022 p.
1717 4951 1752 5002 33
1769 4952 1820 5004 hoe
1847 4949 1940 5004 saltem
1960 4953 2087 5021 temporis

337 5047 511 5102 momentoin
529 5046 615 5100 medio
629 5048 756 5114 relinquo.
784 5045 927 5100 Praeterea
940 5045 973 5097 ef.
994 5044 1170 5098 Susamihl.
1191 5043 1286 5098 Gesoh.
1304 5045 1351 5096 dor
1367 5041 1469 5110 griech.
1481 5041 1548 5094 Litt.
1567 5041 1594 5093 iu
1618 5039 1665 5092 der
1682 5037 1926 5092 Alexandrinerzeit
1943 5038 1979 5093 11.
1993 5056 2018 5109 p.
2035 5039 2088 5092 302

337 5151 376 5204 sq.
394 5151 420 5188 n.
438 5135 532 5186 328οο
549 5149 575 5202 p.
596 5133 648 5186 304
666 5150 690 5186 n.
709 5131 769 5186 333.

502 5221 549 5290 ta)
567 5222 655 5276 Aliter
672 5220 779 5292 quidem
797 5221 822 5272 D
834 5221 981 5274 ielesius
1000 5220 1016 5272 l.
1035 5221 1052 5272 l.
1073 5236 1097 5288 p.
1119 5217 1159 5272 17.
1177 5234 1203 5270 ιι.
1223 5219 1251 5270 4ι
1284 5215 1356 5282 „Der
1374 5215 1470 5268 Zusatz
1487 5212 1602 5278 καθαρᾶς
1620 5212 1726 5264 stimmt
1747 5210 1816 5263 wohl
1835 5211 1885 5264 mit
1904 5211 1950 5265 der
1968 5212 2088 5267 randena

339 5329 444 5370 anseres
462 5311 564 5366 dritten
588 5309 704 5374 Boebes,
723 5309 760 5362 ist
781 5307 844 5362 aber
861 5307 957 5376 gessise
975 5307 1035 5359 dem
1053 5303 1355 5375 urspringlichen'l'itel
1374 5299 1485 5364 hemd“‚
1513 5303 1541 5352 at
1568 5297 1634 5351 mihi
1651 5297 1750 5352 rectius
1769 5295 1873 5352 videtur
1891 5298 2008 5353 iudicare
2024 5299 2088 5352 Ra·
