4850 5918
1230 481 1302 558 XV

555 694 669 779 Neque
691 693 808 757 melius
829 713 897 758 rem
923 695 1025 778 gessit
1051 691 1231 778 Bywater
1253 694 1278 778 I,
1300 697 1329 759 4.
1354 693 1559 780 109612322'),
1585 652 1756 780 mirelque,
1786 695 1871 779 quod
1901 695 1986 759 idem
2009 697 2068 778 vir,
2091 695 2145 778 qui

387 816 462 882 alibi
485 817 620 880 nimium
643 815 770 898 saepius
793 815 985 878 auctoritatis
1008 813 1052 879 Kl
1074 815 1177 880 codici
1199 815 1317 898 tribuit,
1345 817 1405 882 hoc
1433 818 1501 882 loeo
1532 813 1823 898 Rassovium⁹⁸),
1855 817 1911 900 qui
1937 817 1969 879 in
1995 814 2100 880 verbis
2121 819 2147 878 εἰ

385 931 443 1025 γὰρ
465 937 515 999 καὶ
537 939 617 998 ἔστιν
639 933 720 996 ἕντι
742 934 792 996 καὶ
814 937 895 1016 κοινῇ
919 925 1177 1022 κατηγορούμενον
1199 931 1320 1022 ἀγαθὸν
1341 931 1361 1007 ἢ
1382 927 1531 1023 χωριστόν
1552 960 1583 998 τι
1598 931 1673 998 αὐτὸ
1689 933 1759 998 καθ’
1780 927 1856 998 αύτὸ
1879 936 1962 1000 hanc
1978 937 2146 1000 lectionem

386 1059 540 1139 καὶκοινῇ
564 1077 582 1120 a
604 1053 649 1118 Kl
658 1055 703 1120 Ma
712 1055 748 1119 (1ο
770 1055 930 1120 Eustrutio
954 1053 1205 1140 Paraphrasta⁹⁴)
1229 1057 1364 1122 oblatam
1391 1062 1500 1121 contra
1522 1057 1651 1121 alteram
1674 1050 1710 1118 τὸ
1734 1059 1816 1138 κοινῇ
1839 1055 2033 1120 firmissimis
2054 1075 2146 1140 argu·

387 1181 504 1244 mentis
525 1176 680 1261 probavit,
703 1177 890 1260 simpliciter
910 1195 948 1240 eo
978 1175 1039 1240 sibi
1063 1179 1153 1242 risus
1183 1181 1233 1240 est
1253 1179 1418 1261 refutasse,
1447 1177 1531 1262 quod
1559 1179 1592 1241 in
1624 1175 1694 1240 Eth.
1718 1176 1797 1240 Eud.
1821 1175 1846 1259 1,
1869 1177 1897 1239 8.
1923 1175 2048 1241 tels-5
2076 1195 2145 1259 sqq.

387 1297 514 1382 legitur:
542 1291 603 1358 οἷον
624 1302 649 1359 οἱ
670 1290 707 1359 τὸ
730 1286 886 1366 διπλαηιον
907 1301 1026 1382 πρῶτον
1052 1302 1115 1359 τῶν
1138 1299 1381 1377 πολλαπλασίων,
1410 1296 1465 1361 οὐκ
1496 1290 1651 1384 ἐνδέχεται
1677 1292 1714 1360 τὸ
1743 1286 1972 1359 πολλαπλάσιον
2000 1290 2037 1359 τὸ
2065 1299 2146 1377 κοινῗΙΙ

386 1407 648 1504 κατηγορούμενον
669 1413 742 1479 εἶναι
762 1439 827 1503 χωρ
839 1406 920 1479 στύν.
963 1415 1097 1481 Minime
1120 1420 1206 1482 enim
1230 1419 1391 1482 contendit
1413 1417 1630 1482 Rassovius
1657 1419 1788 1482 omnino
1811 1436 1876 1480 uon
1898 1435 1995 1500 posse
2026 1417 2088 1480 diei
2118 1410 2154 1478 τὸ

389 1541 472 1620 κοινῇΙ
495 1528 753 1623 κατηγορούμενον
774 1525 925 1623 χωιιοτύν
946 1536 1019 1614 ἐστι,
1043 1537 1099 1600 sed
1125 1537 1156 1602 id
1185 1541 1307 1602 tantrnu
1336 1538 1499 1604 contendit
1529 1543 1560 1602 ot
1589 1539 1736 1618 ostendit,
1760 1537 1799 1602 ab
1836 1538 1894 1601 hae
1922 1538 2154 1600 sententiarum

388 1659 629 1722 continuatione
653 1657 712 1720 hoe
733 1675 864 1741 prorsus
887 1655 1064 1721 abhorrere.
1109 1657 1174 1723 Suo
1197 1661 1294 1742 igitur
1316 1659 1386 1724 iure
1409 1663 1440 1722 ct
1461 1659 1651 1724 Aristoteles
1674 1679 1734 1723 noe
1757 1660 1826 1724 loeo
1849 1656 1898 1720 καὶ
1920 1661 2002 1740 κοινξΙ
2026 1657 2155 1740 scripsit

389 1779 422 1842 et
442 1783 608 1863 propterea
629 1775 660 1841 Ν
667 1776 889 1856 oeteliusll)
921 1779 1058 1842 coniecit
1090 1795 1166 1843 eum
1193 1779 1340 1842 similiter
1368 1781 1462 1843 etiam
1491 1799 1521 1842 v.
1551 1779 1601 1842 25.
1630 1782 1746 1851 <καὶ>
1773 1774 1854 1841 κατὰ
1886 1778 2065 1862 scripsisse,
2096 1795 2155 1840 nee

390 1899 498 1963 minus
519 1903 604 1962 recte
625 1897 791 1963 Eudemus
813 1892 850 1960 τὸ
873 1902 955 1981 κοινῇ
979 1897 1123 1962 adhibuit
1145 1899 1178 1962 in
1202 1899 1264 1963 alio
1287 1901 1475 1982 argumento
1498 1899 1720 1982 (121821-8),
1743 1901 1827 1984 quod
1851 1901 1958 1982 petius
1981 1897 2155 1980 respondet

391 2021 431 2103 ei,
455 2019 543 2104 qued
564 2018 752 2083 Aristoteles
777 2017 1004 2083 lectur-23
1028 2021 1061 2083 in
1080 2019 1223 2084 medium
1245 2019 1389 2104 protulit:
1416 2017 1465 2102 id,
1487 2019 1572 2103 quod
1606 2020 1657 2083 hie
1682 2018 2010 2084 1096l32-1097‘l3
2034 2021 2153 2102 tractu,

392 2141 444 2204 ille
465 2137 657 2204 brevissime
679 2139 782 2204 reddit
806 2137 1045 2204 luleus-25.

554 2293 679 2360 Summi
705 2294 781 2359 boni
803 2293 946 2359 definitio
974 2299 1142 2380 postquam
1170 2294 1302 2358 iuventa
1331 2298 1381 2358 est
1408 2296 1441 2358 in
1477 2295 1578 2379 capite
1602 2291 1669 2377 vr,
1698 2295 1862 2379 aptissime
1892 2295 1926 2358 iu
1949 2293 2062 2379 capitis
2088 2292 2153 2356 Vlli

393 2415 479 2480 initio
502 2421 703 2500 eomparatur
732 2436 805 2480 cum
835 2415 1091 2498 adumbratione,
1117 2415 1294 2480 secuudum
1326 2435 1421 2500 quarn
1448 2420 1558 2500 postea
1585 2411 1811 2480 elaborandum
1838 2420 1886 2479 est
1916 2417 2023 2498 ipsum
2056 2434 2152 2498 opus:

392 2536 530 2601 1098·21
556 2556 601 2621 sq.
623 2527 834 2624 ποριγεραρθω
862 2534 915 2622 μὲν
940 2526 1039 2621 ταύτῃ.
1062 2527 1122 2618 (δεῖ
1146 2531 1203 2623 γὰρ
1235 2538 1307 2609 ἴσως
1328 2528 1525 2598 ύποτυπῶσαι
1558 2539 1685 2623 πρῶτον,
1719 2531 1773 2598 εἷθ’
1810 2532 1931 2622 ὕστερον
1965 2525 2154 2620 ἀναγράψαι).

390 2655 479 2734 Quod
504 2657 600 2742 igitur
620 2648 788 2743 ἀναγράψαι
810 2662 950 2741 vocatur,
973 2657 1053 2722 nihil
1077 2656 1163 2722 aliud
1185 2661 1243 2740 est,
1265 2657 1328 2721 nisi
1353 2657 1438 2741 quod
1460 2657 1534 2721 facit
1549 2659 1617 2742 ipse
1632 2657 1820 2721 Aristoteles
1840 2676 1897 2742 per
1918 2659 2039 2720 ceteras
2055 2657 2153 2720 totius

387 2778 494 2862 scripti
517 2781 624 2860 partes
646 2777 721 2842 inde
741 2795 761 2842 a
783 2776 878 2840 11111ο
898 2783 930 2842 et
952 2779 1064 2842 ultimo
1091 2777 1163 2842 libri
1185 2777 1281 2862 primi
1308 2777 1425 2863 capite,
1451 2798 1470 2842 a
1500 2797 1562 2862 quo
1591 2779 1699 2861 potius
1730 2776 1885 2860 inciperet
1917 2775 2000 2842 liber
2032 2775 2102 2862 11³³,
2126 2779 2154 2840 si

384 2898 548 2962 meliorem
578 2899 814 2982 accepissemus
837 2897 1045 2964 divisionem:
1075 2901 1196 2963 interea
1219 2900 1305 2962 enim
1328 2896 1433 2961 denuo
1457 2899 1620 2964 examinat
1638 2901 1670 2961 et
1696 2897 1875 2962 accuratius
1903 2898 2044 2980 explicat
2073 2899 2155 2962 harre

385 3017 614 3083 definitionem.
657 3019 703 3083 Εο
728 3019 828 3103 magis
851 3020 1033 3085 mirandum
1056 3024 1115 3102 est,
1134 3019 1220 3105 quod
1241 3021 1396 3104 pergitur:
1419 3009 1518 3092 δόξειε
1545 3009 1571 3080 δ’
1600 3013 1636 3080 οἷν
1662 3011 1774 3091 παντὸς
1800 3013 1872 3080 εἶναι
1899 3028 2079 3103 προαγαγεῖν
2101 3021 2157 3082 καὶ

385 3130 571 3226 διαρθρῶοαι
592 3133 632 3201 τὰ
654 3143 757 3213 καλῶς
779 3143 890 3226 ἔχοντα
911 3144 950 3222 rip
972 3143 1148 3228 περιγραφῇ,
1176 3141 1226 3203 καὶ
1247 3133 1263 3202 ὁ
1286 3130 1390 3226 χρόνος
1417 3143 1480 3202 τῶν
1506 3129 1654 3202 τοιούτων
1678 3132 1838 3226 εὑρετηςὴ
1868 3127 2004 3225 σύνεργος
2033 3135 2156 3224 ἀγαθὸς

384 3253 458 3321 εἶναι
479 3261 521 3341 (ν.
545 3259 615 3324 22-
631 3263 691 3340 24).
736 3259 824 3324 Num
845 3264 909 3324 tam
931 3260 1022 3346 parvi
1044 3260 1225 3324 aestimavit
1246 3261 1436 3326 Aristoteles
1460 3278 1541 3344 opus
1564 3278 1660 3323 suum
1680 3261 1755 3324 inde
1778 3280 1797 3323 a
1820 3263 1922 3344 capite
1949 3259 2046 3325 huius
2075 3261 2149 3326 libri

385 3377 491 3461 xllr,
514 3384 549 3443 ut
572 3381 603 3444 id
624 3374 737 3455 παντὸς
759 3401 830 3446 esse
852 3383 977 3466 putaret
997 3386 1039 3462 et,
1063 3382 1124 3444 nisi
1147 3381 1217 3464 ipse
1241 3381 1404 3464 scriberet,
1433 3385 1496 3446 mm
1528 3380 1621 3444 facile
1651 3381 1748 3444 alium
1777 3381 1837 3446 lroc
1865 3383 1908 3446 ita
1936 3387 2147 3449 executurum

385 3491 459 3564 esse
480 3503 621 3586 ternpore
639 3504 823 3585 posteriore,
846 3507 966 3566 utnon
990 3501 1089 3566 huius
1111 3501 1194 3565 alius
1216 3502 1275 3566 hoc
1298 3504 1446 3566 meritum
1469 3504 1519 3584 sit,
1547 3501 1603 3565 sed
1632 3503 1735 3586 magis
1764 3502 1876 3567 sallem
1904 3507 2071 3588 temperis,
2093 3506 2145 3570 cui

386 3625 439 3686 aut
462 3623 637 3688 inventoris
658 3625 714 3686 aut
733 3627 817 3687 certe
840 3623 993 3687 adiutoris
1014 3625 1119 3706 partos
1143 3626 1253 3686 esseut
1274 3621 1483 3687 tribuendae?
1528 3622 1639 3687 Credat
1661 3622 1800 3688 Iudaeus
1823 3625 1950 3709 Apella!
1995 3624 2029 3689 Si
2059 3628 2146 3690 euim

388 3743 464 3806 haec
486 3743 557 3807 eius
578 3744 736 3806 sententia
759 3747 835 3824 erat,
867 3763 923 3806 eur
948 3741 1158 3806 nihilominus
1182 3743 1249 3826 ipsc
1274 3742 1334 3806 hoo
1365 3760 1446 3825 opus
1468 3743 1620 3826 perfecit?
1653 3763 1709 3807 cur
1738 3763 1803 3808 non
1832 3745 1965 3830 tempori
1997 3747 2147 3831 reliquit?

386 3883 442 3927 cur
464 3883 528 3928 uon
552 3864 664 3928 maluit
684 3883 815 3946 parcum
838 3867 937 3928 otium
971 3865 1004 3928 in
1032 3863 1104 3928 aliis
1130 3861 1313 3946 disciplinis
1340 3864 1603 3948 encyclopaediae
1638 3864 1841 3949 philosophae
1875 3871 1906 3929 et
1937 3869 1984 3930 eis
2007 3869 2146 3952 quidem,

386 4004 468 4068 quae
491 3985 620 4048 maioris
643 3985 672 4048 ei
695 4003 767 4048 esse
783 3984 974 4048 videbantur
995 3987 1158 4066 momenti,
1180 3984 1296 4047 melius
1318 3988 1350 4047 et
1371 3984 1510 4067 plenius,
1532 4005 1627 4069 quam
1651 3985 1768 4049 iactum
1792 3989 1853 4069 est,
1877 3989 2048 4052 tractandis
2070 4009 2147 4053 con-

386 4275 538 4346 Bywater
555 4277 578 4341 1,
595 4278 620 4333 6.
643 4277 745 4332 109812
762 4271 823 4344 αύτὴ
844 4295 858 4332 e
876 4278 932 4332 solo
951 4277 990 4331 Kb
1009 4295 1056 4348 pro
1075 4271 1136 4344 αὕτη
1157 4277 1273 4348 scripsit,
1292 4275 1364 4332 haud
1382 4281 1454 4333 recte
1474 4277 1496 4342 1,
1510 4279 1550 4332 10.
1572 4279 1692 4334 1100121
1712 4275 1744 4348 cr}
1766 4281 1902 4352 respuite
1922 4299 1964 4336 mo
1979 4283 2144 4350 restitutura,

389 4381 411 4418 ν.
431 4381 498 4434 queo
517 4365 703 4420 Stenartus
720 4366 861 4420 adnotavit
878 4367 912 4418 ad
931 4365 957 4419 h.
976 4366 993 4418 l.

552 4452 597 4522 9⁴2)
616 4453 701 4506 Recte
719 4457 810 4508 tamen
830 4472 846 4506 ν
872 4455 914 4510 31.
933 4457 1063 4524 punctum
1083 4455 1175 4524 posuit
1193 4457 1254 4523 post
1271 4449 1419 4523 οἰκειότερον.

553 4540 601 4606 93)
619 4539 811 4610 Forschungen
829 4559 854 4610 p.
873 4543 907 4596 bs
925 4559 964 4612 aq.

553 4629 600 4694 94)
618 4631 697 4683 Certe
715 4629 760 4684 hic
778 4647 881 4700 quoque
898 4647 951 4684 neu
969 4630 1036 4698 legit
1054 4622 1095 4684 rb:
1115 4629 1197 4683 lrabet
1213 4629 1283 4683 enim
1304 4647 1329 4702 p.
1351 4633 1390 4693 11,
1410 4631 1425 4686 7
1443 4645 1481 4701 sq.
1502 4629 1610 4701 Heylb.:
1628 4628 1643 4699 a}
1663 4626 1712 4702 γὰρ
1731 4629 1782 4685 ibic
1803 4635 1847 4686 τοῦ
1864 4627 1967 4700 ἀγαθοῦ
1985 4631 2003 4688 εἰ
2020 4635 2060 4686 aei
2075 4633 2143 4702 ἔστιν,

386 4705 437 4780 ἥτις
453 4715 521 4786 κοινῇ
537 4715 587 4767 τοῖν
604 4708 690 4767 ἄλλων
707 4715 747 4768 καλ
764 4711 879 4770 καθύλου
896 4721 1064 4786 κατηγορεῖται
1081 4717 1122 4770 καλ
1139 4711 1261 4786 χωριστὸν
1278 4719 1327 4770 τοῖν
1345 4709 1431 4770 ἄλλων
1448 4739 1469 4771 κ.
1488 4737 1509 4771 τ.
1529 4719 1553 4774 λ.

553 4804 601 4872 95)
620 4803 651 4858 1ο
671 4807 787 4874 optimae
805 4805 877 4859 illius
896 4805 1092 4858 dissertationis
1111 4805 1185 4868 „Das
1205 4805 1287 4859 ricrte
1306 4807 1410 4875 Capitel
1431 4807 1467 4860 im
1487 4811 1575 4861 emtan
1595 4809 1687 4862 Bucbe
1705 4808 1751 4862 der
1770 4809 1803 4863 N.
1822 4809 1873 4862 E.“
1891 4809 1993 4878 (Julrrb.
2014 4812 2031 4864 i.
2045 4811 2142 4866 Philol.

386 4891 482 4947 cxlx.
501 4891 581 4962 1879)
600 4909 625 4962 p.
644 4891 685 4945 34.
721 4891 819 4946 Mirum
839 4893 865 4946 in
885 4891 992 4945 modum
1011 4893 1061 4946 riri
1079 4893 1152 4947 docti
1170 4893 1243 4946 illam
1261 4893 1402 4961 neglegere
1419 4895 1515 4948 solent.
1551 4897 1628 4950 uitat
1647 4913 1704 4950 eam
1724 4895 1905 4949 Rcssovius
1923 4896 1950 4949 in
1969 4896 2037 4950 illus.
2057 4897 2142 4952 [theu.

385 4981 403 5034 l.
421 4981 439 5034 l.
458 4997 483 5050 p.
502 4979 562 5044 587,
579 4979 625 5033 sed
643 4996 695 5034 nou
713 4983 822 5050 reputat
840 4983 897 5034 eius
915 4983 1082 5048 argumenta,
1099 4983 1128 5033 et
1146 4981 1330 5034 Stenartus
1348 4981 1371 5034 si
1390 4981 1549 5051 respexisset
1569 4985 1705 5052 egregiam
1719 4983 1799 5037 huius
1817 4983 1914 5052 capitis
1932 4981 2142 5051 dispositionem,

387 5081 465 5135 quam
481 5065 557 5119 nobis
574 5065 680 5135 aperuit
698 5063 723 5120 N
730 5067 888 5129 oetelius,
906 5065 938 5119 de
956 5067 1043 5121 verbis
1065 5067 1191 5122 1095234.
1210 5061 1338 5136 ἀπορήσειε
1357 5099 1389 5107 -
1409 5070 1440 5122 ⁰5
1458 5067 1581 5140 ἐφημέρου
1599 5071 1714 5126 scribere
1738 5087 1789 5124 non
1814 5070 1958 5139 potuisset:
1989 5071 2142 5133 „Sarseruilrl

386 5153 508 5208 brackets
527 5194 533 5207 .
552 5195 558 5207 .
578 5193 585 5208 .
602 5169 631 5206 as
649 5155 750 5207 inserta
768 5153 801 5207 ab
818 5153 919 5208 editore
938 5155 1133 5224 antiquissimo.
1170 5153 1230 5208 Ido
1244 5157 1291 5208 net
1306 5154 1384 5210 thiulr
1402 5155 1465 5209 that
1479 5155 1672 5224 tractaturis
1686 5157 1900 5226 saioorhelplul
1919 5157 1949 5209 in
1969 5157 2143 5225 aclrapter

385 5243 453 5296 lit·
470 5241 529 5295 tho
547 5242 708 5310 presant“.
744 5241 806 5295 Nou
824 5240 974 5295 abiudicari
992 5240 1058 5294 haec
1078 5239 1112 5293 ab
1132 5240 1291 5294 Aristotele:
1310 5242 1445 5296 asteriscis
1464 5245 1571 5298 tantum
1596 5243 1801 5312 circumscripsi,
1826 5245 1890 5312 quia
1907 5259 1991 5312 neque
2015 5243 2065 5296 lroc
2084 5242 2143 5296 leco

386 5327 496 5384 tolerari
515 5330 635 5398 possunt,
653 5325 681 5382 id
700 5326 772 5399 quod
789 5327 921 5380 uberrime
941 5331 969 5382 et
986 5344 1092 5398 prorsus
1110 5327 1218 5382 invictis
1236 5329 1403 5395 argumentis
1420 5329 1615 5384 demonstrarit
1630 5329 1820 5395 Noeteliue,
1845 5329 1996 5402 aequatio,
2022 5335 2052 5384 ut
2069 5333 2142 5396 sunt,

386 5417 415 5473 iu
433 5416 515 5472 alium
535 5415 618 5472 ullum
636 5416 724 5481 traici,
742 5413 770 5470 id
788 5415 858 5487 quod
875 5416 975 5486 partim
993 5415 1038 5470 ille
1056 5413 1147 5470 eadem
1166 5413 1279 5482 ratione,
1298 5417 1398 5486 partim
1416 5415 1534 5472 breviter
1551 5433 1601 5486 ego
1619 5417 1675 5488 ipse
1693 5415 1865 5474 arundineus.
