4820 5922
1114 351 1358 425 -lt-

356 587 431 631 euee
451 575 574 630 textum
595 572 770 647 receperat,
793 565 990 626 coniectores
1012 572 1102 626 recte
1120 567 1304 646 reprobans.
1349 563 1410 629 vu
1430 567 1514 627 enim
1537 565 1666 628 dubium
1688 573 1748 640 eet,
1772 568 1847 646 quin
1863 569 2027 630 verborum
2047 586 2119 630 eor-

355 696 521 769 ruptorum
540 683 650 770 τρίτων
670 675 689 764 ἢ
705 681 860 767 τετάρτων
883 703 957 745 vere
970 685 1024 758 eit,
1045 703 1136 763 quem
1151 702 1236 746 nunc
1249 685 1382 759 invenit,
1401 684 1581 747 emendetio
1602 682 1696 767 τριῶν
1716 682 1911 770 τιμημάτων,
1933 705 2116 767 quemquem

355 827 396 870 ne
417 808 465 871 sie
486 807 611 886 quidem
633 810 755 867 certum
777 811 837 876 est,
860 810 965 864 utrum
987 821 1125 884 sequens
1144 823 1273 892 quoque
1290 802 1354 869 τῶν
1374 801 1548 888 τετάρτων,
1570 811 1606 866 ut
1627 803 1683 866 ille
1704 804 1781 882 vult,
1803 805 1837 866 ln
1856 803 1919 869 τῶν
1934 804 2118 890 τιμιριάτων

355 944 393 986 en
416 925 538 1005 potius,
569 933 604 985 nt
624 943 643 983 e
660 922 875 1003 compluribus
897 928 990 984 antee
1011 921 1131 982 lectum
1152 928 1219 996 eet,
1250 923 1282 981 in
1299 919 1377 986 scio
1397 919 1553 1005 τεττάρων
1574 925 1758 986 ιιιιιιιιιιίιιιιι
1781 944 1839 998 en,
1874 924 1905 984 id
1934 925 2017 1003 quod
2039 923 2117 986 mibi

358 1044 484 1123 quidem
505 1063 580 1104 vero
603 1043 779 1123 proximum
799 1059 871 1102 csse
884 1041 1018 1116 videtur,
1041 1042 1170 1102 omnino
1192 1041 1417 1102 secludendum
1439 1042 1481 1102 sit
1495 1048 1607 1122 utpote
1628 1043 1842 1124 dittogrepbie
1857 1051 1958 1104 orttme
1981 1045 2117 1105 everbis

355 1163 420 1224 illis
441 1163 704 1224 antecedentibus
722 1162 783 1221 iem
806 1167 898 1220 entee
914 1160 954 1219 ed
975 1159 1060 1219 bunc
1084 1159 1209 1220 modum
1231 1159 1389 1240 corruptis
1409 1149 1428 1240 ἢ
1451 1157 1615 1244 τετάρτων.
1655 1161 1767 1241 Neque
1781 1163 1885 1224 minus
1901 1164 2010 1243 probo,
2032 1164 2115 1241 quod

355 1283 530 1362 suspicetur
560 1289 609 1343 est
637 1281 685 1340 vir
716 1280 880 1360 egregios,
908 1280 964 1339 sub
991 1277 1181 1358 imperfecto
1202 1267 1259 1360 ἦν,
1286 1279 1370 1358 quod
1398 1278 1515 1359 legitur
1538 1287 1609 1360 post
1630 1277 1711 1359 πλὴν
1731 1277 1772 1345 οὐ
1792 1279 1894 1345 πᾶσιν
1917 1278 2113 1366 ἐπάναγκες,

355 1402 542 1462 delitescere
560 1390 579 1478 ἢ
602 1399 803 1480 perticulam,
830 1398 887 1458 sed
908 1416 972 1457 non
987 1397 1086 1472 item,
1115 1398 1198 1476 quod
1219 1387 1340 1477 τλὴνῆ
1367 1397 1429 1459 boc
1451 1417 1575 1479 quoque
1604 1399 1674 1460 loco
1695 1409 1730 1462 ut
1756 1400 1826 1461 eliis
1848 1418 1907 1481 pro
1928 1399 2013 1462 nudo
2034 1394 2115 1478 πλὴν

355 1523 492 1603 positum
514 1538 585 1580 esee
608 1517 785 1592 contendit,
808 1517 964 1596 quonism,
986 1526 1022 1576 ut
1044 1515 1084 1576 dc
1106 1517 1271 1577 verborum
1288 1517 1499 1578 collocutione
1521 1523 1656 1595 toccum
1677 1539 1740 1581 uon
1765 1530 1885 1601 purtem
1908 1537 2033 1592 corum,
2060 1519 2113 1599 qul

357 1639 492 1722 primee,
512 1638 690 1718 secundue,
712 1637 826 1698 tertiee
849 1635 973 1708 classis,
996 1635 1052 1695 scd
1073 1653 1182 1696 omnes
1204 1635 1257 1715 qui
1280 1645 1409 1716 quertee
1434 1637 1517 1698 ciues
1537 1645 1631 1713 sunt,
1653 1639 1691 1699 eb
1712 1638 1853 1722 eligendi
1878 1638 2002 1712 ollicio,
2023 1639 2050 1698 si
2070 1639 2115 1698 ite

354 1761 490 1834 melunt,
519 1760 654 1819 liberere
681 1755 782 1817 voluit
803 1756 903 1817 Plelo.
945 1754 1032 1835 Ergo
1055 1756 1234 1817 conectitur
1256 1759 1363 1837 potius
1383 1757 1450 1817 sole
1469 1751 1553 1838 πλὴν
1578 1757 1800 1820 coniunctione
1826 1758 1888 1819 boc
1916 1759 2112 1820 enuntietum

355 1899 425 1942 cum
445 1878 653 1940 eutcocdente
676 1864 748 1953 etl
771 1874 891 1955 pendet
913 1895 931 1936 e
953 1875 1056 1936 verbis
1078 1871 1240 1940 odecimo
1260 1871 1463 1962 ἐπάναγκες,
1482 1876 1568 1937 unde
1590 1877 1747 1956 sequitur,
1770 1885 1804 1937 ot
1826 1897 1891 1938 non
1913 1867 1931 1956 ἢ
1952 1879 2008 1939 sed
2028 1874 2109 1942 ἀλλ’

354 1990 373 2078 ἢ
395 2004 624 2078 exspectemus,
646 2013 727 2068 cum,
749 1994 782 2054 id
805 1994 889 2074 quod
905 1993 979 2068 diui,
1000 2013 1066 2054 non
1092 2013 1201 2055 omnes
1225 1995 1327 2071 cives,
1356 1995 1413 2057 sed
1435 2014 1491 2056 eos
1512 2000 1644 2069 nutum,
1666 1997 1720 2075 qui
1745 1996 1838 2056 trium
1854 1997 2000 2059 eleusium
2022 1997 2112 2057 locu-

355 2119 523 2198 pletiorum
551 2123 640 2188 eunt,
664 2132 786 2195 poenee
813 2121 899 2175 metu
926 2113 1132 2175 obstrinxerit
1150 2113 1254 2185 Pluto,
1285 2122 1321 2175 ut
1346 2115 1395 2176 ius
1425 2115 1553 2176 creendi
1575 2133 1685 2175 revere
1712 2121 1889 2176 exerceent.
1933 2115 1980 2176 Ne
2007 2125 2112 2178 temen

355 2239 449 2299 nimis
470 2238 570 2298 eudes
595 2234 673 2295 buce
703 2235 886 2295 coniectore
911 2233 1070 2308 ridentur,
1096 2234 1158 2294 iem
1179 2240 1272 2296 entes
1290 2241 1364 2314 post
1390 2231 1558 2317 αἱροῦνται
1578 2228 1639 2317 μὲν
1662 2229 1731 2319 γὰρ
1750 2231 1865 2310 πάντες
1894 2233 2011 2314 legitur
2038 2232 2111 2298 ted-

354 2381 478 2442 ναγιως
494 2350 576 2437 ἀλλ’,
597 2353 651 2415 ubi
673 2349 858 2438 ἐπάναγκες
875 2353 935 2413 iem
957 2351 1079 2413 Scblo
1092 2371 1202 2413 esero
1222 2361 1401 2432 suspectum
1426 2361 1509 2430 eret,
1528 2354 1618 2415 cuius
1639 2355 1798 2415 sententie
1819 2354 1913 2416 etiem
1936 2354 2111 2416 Schnei-

355 2476 456 2538 dero
478 2493 543 2536 non
565 2491 696 2554 prorsus
718 2471 890 2552 displicuit,
912 2490 972 2532 nec
990 2479 1099 2552 potest
1119 2473 1246 2554 negari,
1272 2491 1379 2533 secum
1401 2473 1503 2554 ipsum
1527 2492 1668 2553 pugnero
1696 2475 1760 2553 qui,
1783 2479 1946 2553 postquem
1968 2473 2111 2536 omnibus

355 2596 473 2657 civibus
499 2591 639 2673 eligendi
665 2591 886 2652 necessitetem
914 2591 1092 2671 impositum
1117 2611 1186 2652 esse
1212 2592 1343 2667 dixerit,
1374 2593 1419 2653 ite
1442 2598 1566 2668 nmen,
1593 2599 1669 2654 ute
1692 2593 1930 2654 tribustentum
1960 2594 2111 2656 clessibus

355 2713 570 2795 superioribus
591 2729 701 2772 omnes
723 2717 877 2789 cogentur
896 2711 1057 2789 eequelem
1078 2711 1312 2773 condidetorum
1335 2731 1500 2773 numerum
1522 2713 1660 2792 eligere,
1683 2712 1788 2774 stetim
1809 2712 1919 2788 eddet,
1944 2721 2108 2794 exceptum

354 2841 459 2894 temen
479 2848 549 2892 esse
571 2849 589 2890 e
612 2829 707 2891 tertie
729 2828 829 2890 clesse
851 2829 1115 2908 designendorum
1138 2829 1309 2906 delectum,
1335 2831 1369 2892 in
1393 2849 1454 2910 quo
1476 2839 1604 2911 quertee
1626 2831 1745 2892 civibus
1766 2831 1855 2893 nulle
1876 2834 1919 2892 sit
1941 2835 2108 2914 obligetlo;

355 2957 520 3034 praeterea
543 2955 647 3010 eutem
674 2947 768 3008 etium
788 2943 856 3011 ἀλλ’
868 2995 880 3029 ,
906 2949 958 3008 vel
983 2955 1110 3010 retento
1137 2949 1188 3009 vel
1209 2957 1317 3030 spreto
1339 2947 1524 3034 ἐπάναγκες
1549 2950 1717 3023 vocebnlo,
1742 2969 1938 3030 nequequem
1964 2953 2009 3013 ibi
2039 2971 2110 3014 esse
2189 3013 2192 3018 ,
2295 2983 2303 2996 ·

355 3071 522 3134 ferendum
556 3068 688 3130 videtur.
732 3066 922 3145 Quemquam
960 3069 1060 3144 enim,
1093 3075 1129 3130 ut
1163 3069 1382 3149 oligercbicem
1416 3087 1486 3130 esse
1520 3067 1601 3130 benc
1635 3077 1765 3132 senetur
1798 3071 1925 3132 creandi
1956 3072 2109 3135 retionern

355 3192 596 3262 demonstraret,
618 3186 737 3266 optime
757 3186 863 3246 dicere
883 3185 989 3266 potuit
1001 3187 1202 3263 Aristoteles,
1222 3189 1260 3248 eb
1277 3187 1420 3250 omnibus
1442 3186 1568 3267 quidem
1591 3188 1679 3268 eligi,
1701 3207 1808 3250 verum
1823 3208 1890 3250 non
1913 3210 1952 3252 ex
1966 3193 2112 3253 omnibus

355 3310 543 3393 promiscue,
562 3305 620 3367 sed
641 3325 749 3386 percm
775 3323 929 3385 equoque
949 3306 1049 3366 clesse
1070 3326 1244 3384 numerum,
1267 3313 1372 3370 umen
1397 3309 1424 3368 si
1439 3307 1500 3369 boc
1516 3307 1627 3383 voluit,
1647 3325 1727 3386 qoec
1748 3317 1901 3370 secuntur
1914 3309 2110 3372 ednectcnde

355 3437 447 3493 erent
466 3447 531 3490 non
552 3423 634 3507 πλὴν
651 3425 821 3508 porticula,
846 3443 925 3504 quee
948 3423 1205 3502 diminutionem,
1231 3427 1288 3488 sed
1311 3427 1373 3488 elie
1393 3427 1546 3507 quedem,
1578 3444 1656 3504 quae
1676 3437 1802 3489 suctum
1823 3426 1998 3506 significet,
2025 3433 2109 3509 quod

354 3551 438 3613 enim
460 3565 563 3628 poene
582 3565 646 3606 non
668 3551 818 3606 tenentur
836 3545 871 3605 in
891 3543 1047 3624 eligendis
1069 3544 1182 3606 tertiee
1203 3545 1311 3606 eleusis
1333 3546 1507 3608 cendidetis
1528 3546 1626 3622 tertii,
1647 3547 1680 3607 in
1693 3555 1823 3626 quertee
1839 3546 1926 3606 tertii
1944 3548 2108 3629 quartique

353 3669 473 3730 ordinis
488 3668 583 3738 cives,
605 3666 633 3724 ei
654 3663 723 3724 iure
738 3662 867 3742 sulimgi
888 3681 953 3724 non
969 3669 1111 3740 utuntur,
1126 3663 1211 3724 bend
1224 3663 1318 3726 dubie
1340 3666 1495 3727 rationem
1509 3665 1594 3726 illem
1618 3665 1839 3747 oligercbicem
1855 3666 1986 3727 mexime
2004 3679 2108 3748 unget

354 3791 388 3850 Si
411 3788 551 3868 igiture
578 3784 686 3869 priore
709 3782 779 3843 loco
799 3783 832 3844 in
855 3783 1064 3863 posteriorem
1084 3801 1209 3863 quoque
1230 3779 1299 3848 ἀλλ’
1321 3785 1513 3862 inseremus,
1541 3787 1573 3847 in
1594 3785 1652 3845 illo
1678 3791 1783 3846 eutem
1804 3787 1896 3846 umbo
1923 3787 2019 3848 verbe
2035 3786 2108 3854 ἑκά.

352 3933 475 3995 veyne
499 3900 565 3970 ἀλλ’
589 3903 834 3984 exstinguemus,
856 3901 962 3962 omniu
984 3903 1077 3983 plene
1100 3902 1191 3980 liunt,
1212 3905 1335 3983 quelem
1360 3905 1548 3966 emendandi
1571 3905 1725 3966 ntionem
1738 3906 1771 3964 in
1792 3905 1951 3965 veteribus
1971 3908 2109 3988 scripto-

351 4029 439 4091 ribus
454 4028 491 4087 eb
504 4023 583 4085 'erte
597 4023 707 4084 critice
727 4021 855 4082 minime
874 4021 1057 4096 ubborrere,
1077 4023 1138 4082 iem
1160 4022 1215 4082 elii
1237 4023 1504 4102 observerunt⁸³),
1527 4031 1563 4086 ut
1577 4025 1609 4086 id
1626 4044 1721 4087 unum
1736 4024 1813 4086 mibi
1834 4025 1975 4105 scrupuli
1990 4027 2108 4110 eliquid

352 4147 471 4218 iniciat,
495 4144 579 4224 quod
600 4139 682 4222 πλὴν
703 4141 815 4203 eodem
840 4141 932 4202 modo
953 4159 990 4200 eo
1011 4137 1062 4221 dl,
1080 4136 1182 4222 ἀλλά,
1201 4138 1327 4223 μέντοι,
1348 4137 1452 4206 καίτοι
1473 4143 1648 4224 perticulee
1666 4137 1727 4226 polo
1754 4143 1933 4224 oppositum
1954 4165 2004 4208 me
2032 4148 2107 4208 elibt

353 4268 461 4347 legere
479 4281 544 4325 non
565 4261 702 4322 memini.
746 4259 894 4322 Oetenrm
915 4255 1142 4335 Muretusu)
1171 4278 1293 4339 quoque
1313 4262 1401 4342 prius
1422 4261 1502 4325 illud
1523 4259 1591 4326 ἀλλ’
1616 4261 1784 4325 delendum
1811 4281 1882 4326 esse
1904 4267 2046 4337 censuit,
2073 4267 2107 4322 in

351 4385 440 4445 cuiue
459 4381 562 4441 locum
583 4379 774 4439 substituere
788 4376 889 4438 voluit
905 4378 1030 4457 signum
1050 4379 1211 4441 numerele
1231 4376 1274 4478 ς’,
1297 4386 1333 4441 ut
1353 4370 1444 4455 ἴσους
1465 4382 1498 4442 in
1520 4381 1659 4446 secundo
1678 4383 1817 4445 membro
1831 4383 1968 4464 positum
1982 4381 2107 4453 bebeet,

352 4502 391 4563 ed
413 4500 496 4581 quod
515 4500 547 4558 in
570 4498 671 4577 primo
696 4495 871 4572 referetur,
898 4504 931 4557 et
954 4496 1036 4558 nibil
1063 4498 1189 4560 confert
1210 4499 1249 4559 ed
1276 4500 1498 4580 oligercbieem
1520 4500 1614 4562 buius
1636 4500 1779 4564 delectus
1801 4510 1953 4574 neturem,
1975 4506 2108 4578 queutus

351 4621 394 4683 uit
422 4636 585 4700 equoque
611 4616 712 4678 elcese
741 4615 1005 4697 designandorurn
1031 4636 1089 4698 per
1113 4617 1171 4680 ille
1198 4637 1364 4696 numerus,
1390 4621 1590 4699 quemobrem
1618 4621 1690 4681 dete
1717 4639 1814 4702 opere
1834 4618 2023 4680 Aristoteles
2047 4619 2109 4681 boc

519 4923 566 4988 83)
583 4921 623 4976 ot
640 4923 770 4977 Veblen
787 4927 841 4979 Zur
852 4929 938 4980 Kritib
949 4930 1156 4982 Aristotcliecber
1173 4931 1307 4994 Sdnrlben,
1327 4932 1438 4984 deob
1461 4937 1535 4983 itti.
1554 4948 1579 4999 p.
1598 4937 1630 4983 11
1650 4931 1690 4999 (in
1708 4929 1806 4984 (ἓοιιιιιι
1825 4931 1897 4984 seed.
1916 4930 2026 4983 deob
2044 4932 2106 4999 pbil.

353 5007 510 5062 mm
528 5024 554 5075 p.
575 5009 629 5076 111).

518 5093 568 5162 st)
584 5095 648 5148 Ver.
667 5099 724 5150 leot.
743 5098 803 5160 XV,
824 5105 862 5152 ts.
