4820 5922
1138 377 1389 452 ...13....

380 599 556 662 interiectis
585 597 687 658 locum
715 603 827 658 tenere
849 599 951 677 possit
978 593 1037 660 mi
1062 580 1241 676 porticulus*
1262 599 1396 658 slterum
1422 599 1592 658 membrum
1621 598 1669 657 illi
1698 597 1816 680 τριχῶν
1847 624 1878 663 τε
1902 599 2013 680 πλήθει
2044 603 2144 664 odae.

379 720 506 794 ctentis,
525 716 731 779 vehementer
751 715 872 778 dubito.
917 715 953 775 Si
975 734 1048 776 uero
1068 715 1130 776 boc
1152 715 1222 776 fleri
1244 717 1364 796 nequit,
1387 717 1550 778 autetiam
1576 741 1607 780 ιε
1622 717 1792 778 delendum
1814 729 1866 779 est
1889 731 1942 780 ortt
1963 722 2021 782 sub
2043 713 2085 785 ἔτι
2108 718 2143 786 di

378 838 460 900 lstet
479 845 513 898 et
528 831 586 901 sai
607 842 640 896 st
660 835 793 910 dativus,
816 853 912 913 equo
933 833 1073 920 pendent
1087 834 1250 912 genetivus
1268 826 1404 912 ἕσξνῆιος
1416 829 1561 908 εὐτελοῦς
1574 829 1634 917 μὲν
1647 831 1790 914 ἀλεεινῆς
1804 831 1850 912 δὲ,
1871 838 1928 898 sed
1944 841 2069 916 quinam
2086 842 2142 902 ille

378 961 420 1019 sit
441 964 496 1040 sut
515 975 575 1036 qun
596 955 657 1015 slis
678 955 802 1015 rstione
824 954 910 1014 locus
933 953 985 1013 bic
1007 954 1107 1032 possit
1128 953 1281 1032 expediri,
1305 954 1432 1015 videout
1457 954 1678 1032 prudentiores
1687 950 1743 1038 ³⁷).

545 1074 686 1154 lienique
700 1074 734 1133 in
750 1073 863 1153 capitis
877 1075 988 1147 noni,
1012 1090 1074 1150 quo
1098 1072 1138 1132 de
1148 1070 1467 1132 Lacedaemoniorum
1480 1073 1643 1152 republica
1659 1073 1787 1134 disserit
1801 1075 2019 1155 philosophus,
2043 1079 2145 1138 uerbis

380 1191 493 1266 12690,
520 1189 624 1254 7—12
653 1184 737 1255 ἔοικε
756 1185 792 1255 dl
811 1186 868 1256 καὶ
888 1191 916 1255 α’
934 1186 1034 1273 μηδὲν
1052 1183 1176 1273 ἕτερον,
1205 1187 1291 1254 ἀλλὰ
1319 1189 1355 1255 τό
1377 1216 1417 1276 γε
1445 1189 1497 1270 τῆς
1518 1186 1693 1274 ἐπιμελείας
1715 1191 1851 1277 ἐργῶδες
1872 1185 1971 1276 εἶναι,
2000 1192 2072 1258 τίνα
2094 1201 2145 1260 δεῖ

378 1307 454 1396 πρὸς
474 1307 593 1384 αὐτοὺς
613 1307 766 1392 ὁμιλῆσαι
787 1307 948 1394 τρόπον·
979 1306 1137 1393 ἀνειμένοι
1161 1333 1192 1373 τε
1212 1306 1280 1395 γὰρ
1300 1307 1464 1394 ὑβρίζουσι
1483 1306 1541 1375 καὶ
1561 1309 1623 1374 τοῖν
1645 1303 1726 1374 ἴσων
1747 1308 1897 1393 ἀξιοῦσιν
1918 1311 2053 1388 ἑαυτοὺς·
2075 1319 2140 1387 τοῖς

379 1427 502 1516 κυρίοις
522 1423 580 1493 soi
601 1425 868 1502 κακοπαᾷοῢντες
887 1426 951 1513 (sic
964 1426 1011 1488 1¹¹
1031 1431 1177 1502 intexto,
1198 1436 1259 1489 cet
1281 1427 1483 1503 κακοπαθῶς
1496 1427 1624 1506 ζῶντες)
1646 1429 1887 1514 ἐπιβουλεύουσι
1901 1427 1957 1497 καὶ
1975 1433 2142 1516 μισοῦσιν.

379 1551 476 1629 δῆλον
496 1537 556 1612 οὖν
582 1544 627 1621 ὣς
651 1544 712 1611 οὐκ
736 1544 956 1630 ἐξευρίσκουσι
989 1543 1044 1612 τὸν
1065 1548 1228 1630 βέλτιστον
1249 1545 1403 1631 τρόπον,
1432 1538 1479 1621 οἷς
1504 1546 1596 1611 τοῦτο
1617 1545 1788 1632 συμβαίνει
1810 1545 1877 1634 περὶ
1899 1549 1955 1630 τὴν
1982 1551 2141 1616 εἱλωτείαν

379 1687 478 1730 nexus
501 1666 730 1728 sententiarum
746 1667 795 1725 rix
817 1667 897 1727 alius
918 1685 989 1727 esse
1008 1673 1114 1746 potest
1134 1667 1194 1726 uisi
1218 1667 1285 1726 bic:
1306 1667 1334 1727 si
1354 1667 1434 1726 nibil
1457 1666 1553 1740 uliud,
1575 1667 1607 1727 id
1629 1675 1732 1728 tamen
1755 1681 1876 1732 certum
1893 1671 2028 1746 videtur,
2053 1671 2142 1731 dilli-

381 1788 532 1850 cilllmum
553 1805 625 1847 csse
639 1793 725 1846 recte
748 1791 882 1845 tractme
898 1785 1041 1858 clientes,
1065 1804 1137 1845 nom
1159 1785 1190 1844 id
1207 1805 1307 1864 genus
1328 1784 1491 1848 bominum
1515 1804 1618 1864 neque
1634 1785 1796 1849 leuitatem
1818 1809 1923 1868 neque
1939 1791 2141 1870 eaperitotcm

380 1909 577 1970 dominorum
597 1905 733 1966 sullerre
756 1911 871 1984 potest,
891 1911 1003 1966 certe
1026 1903 1151 1982 quidem
1174 1909 1324 1983 optimum
1349 1907 1418 1966 eius
1439 1905 1595 1966 tractandi
1619 1907 1745 1966 modum
1769 1925 1830 1966 uon
1854 1908 2065 1984 invenerunt,
2088 1913 2141 1988 qui

379 2026 584 2087 odientibus
606 2024 729 2104 experti
756 2028 849 2096 sunt,
877 2041 956 2101 quse
975 2022 1240 2084 Lacedaemonios
1262 2031 1412 2103 expertos
1442 2043 1512 2085 esse
1544 2024 1701 2086 abelotis
1721 2033 1815 2084 antea
1838 2023 1975 2101 (libffl,
2001 2025 2143 2110 34-39)

381 2145 481 2206 docui.
527 2143 734 2220 Quamobrem
757 2160 820 2202 nou
842 2129 903 2205 οὖν
925 2141 980 2202 red
1001 2141 1104 2224 potio
1126 2141 1179 2225 (au
1203 2129 1347 2217 o’odvt)
1370 2143 1421 2203 rel
1442 2142 1551 2202 invitis
1574 2143 1663 2202 libris
1679 2153 1751 2223 post
1772 2143 1870 2223 δῆλον
1892 2145 2060 2224 legendum
2083 2157 2142 2208 est.

546 2261 628 2322 Ante
658 2262 752 2322 verbs
780 2269 882 2320 sortem
913 2256 1033 2332 12702,
1065 2257 1105 2321 15
1138 2257 1220 2344 μετὰ
1245 2256 1314 2345 γὰρ
1342 2256 1381 2324 τὰ
1410 2259 1471 2324 νῦν
1496 2257 1653 2344 ρηθέντα,
1686 2263 1797 2341 quibus
1825 2264 1884 2323 iam
1915 2263 2145 2344 Zwingerus

380 2381 521 2443 offensus
540 2375 608 2464 γὰρ
635 2379 667 2439 iu
694 2373 729 2444 dir
755 2379 894 2453 mutivit,
916 2379 949 2439 id
972 2379 1055 2458 quod
1077 2378 1343 2440 Schneider-us
1363 2399 1486 2459 quoque
1508 2399 1570 2440 uon
1596 2399 1723 2460 prorsus
1746 2390 1933 2461 aspernatus
1955 2392 2015 2458 est,
2035 2385 2145 2446 lncuuo

381 2499 485 2578 potius
508 2499 675 2560 statuendo
702 2498 836 2559 ridetur.
879 2498 957 2559 Nom
982 2518 1043 2578 qun
1068 2499 1191 2558 ratione
1218 2499 1385 2559 mulierum
1414 2501 1549 2578 pravitas
1576 2499 1694 2579 aliquid
1723 2501 1868 2560 coolerot
1898 2501 1936 2560 ad
1963 2503 2140 2566 aviditatem

382 2618 537 2699 pccuoise
565 2618 790 2697 procreandam
817 2613 1083 2702 (συμβάλλεσθαί
1101 2643 1128 2680 τι
1150 2613 1226 2700 πρὸς
1250 2611 1306 2694 riso
1331 2614 1590 2698 φιλοχριρυατίαυ
1618 2619 1637 2677 Ι.
1666 2615 1708 2679 14
1733 2619 1814 2701 sq),
1849 2620 1881 2679 id
1908 2621 2035 2698 quidem
2068 2626 2143 2703 quin

380 2737 555 2798 accuratius
587 2743 762 2817 exponeret
792 2736 841 2795 uix
876 2735 980 2816 potuit
1013 2735 1201 2796 Aristoteles
1237 2737 1401 2808 omittere,
1442 2736 1498 2796 sed
1533 2736 1627 2796 talem
1660 2739 1707 2798 rei
1737 2739 1979 2818 explicationem
2012 2761 2074 2803 nou
2111 2745 2143 2804 iu

382 2854 531 2934 proximis
551 2863 672 2916 tentum
695 2855 809 2928 serbis,
831 2855 889 2916 sed
907 2856 940 2914 iu
962 2861 1028 2916 tots
1050 2855 1262 2934 disputatione
1284 2854 1401 2916 frustra
1419 2854 1605 2934 quaerimus.

547 2945 644 3033 Psulo
668 2978 739 3054 post
759 2974 813 3033 ubi
834 2974 1023 3053 vituperavit
1049 2972 1255 3054 pbilosopbus
1277 2981 1464 3053 potestatem
1486 2973 1649 3052 Spartanis
1677 2993 1694 3032 u
1727 2976 1931 3060 legumlntore
1957 2979 2142 3058 permissam

382 3101 418 3152 ut
447 3089 564 3153 fundos
593 3099 676 3152 totos
709 3099 762 3150 sut
796 3101 900 3171 portes
931 3111 1039 3152 eorum
1072 3093 1252 3173 relinquant
1284 3092 1463 3152 hereditate
1499 3100 1554 3153 sot
1588 3093 1709 3156 donent
1740 3095 1790 3154 cui
1826 3097 1939 3170 velint,
1978 3097 2010 3156 in
2041 3099 2143 3159 uerbis

381 3213 586 3291 sequentibus
613 3203 679 3276 ἔστι
709 3206 744 3275 di
771 3209 834 3276 τῶν
860 3208 1029 3294 γυναικοῖν
1056 3239 1087 3278 ιι.
1112 3237 1135 3274 τ.
1157 3218 1185 3274 λ.
1216 3208 1335 3284 127012,
1368 3208 1409 3271 23
1438 3230 1495 3290 pro
1520 3207 1567 3293 di,
1596 3213 1628 3272 ui
1658 3211 1767 3288 inllor,
1797 3216 1997 3276 scribendum
2020 3225 2069 3278 est
2095 3212 2142 3292 δὴ.

383 3329 451 3392 Νοο
473 3331 559 3393 enim
582 3328 685 3404 video,
706 3329 758 3409 qui
782 3329 900 3390 luctum
922 3330 975 3404 sit,
997 3337 1032 3389 ut
1054 3329 1185 3410 Spartae
1208 3330 1315 3410 plures
1332 3338 1441 3391 essem
1462 3331 1612 3392 mulieres
1634 3333 1667 3392 iu
1684 3332 1921 3394 latifundiorum
1944 3334 2142 3410 possessione

383 3470 473 3528 quam
494 3452 579 3524 slibi,
601 3449 662 3510 nisi
684 3449 753 3528 ipso
774 3449 831 3509 illa
851 3455 1010 3529 potestate
1030 3448 1150 3508 civibus
1172 3449 1298 3509 tributu.

548 3567 614 3630 Nec
641 3586 704 3628 nou
731 3568 868 3644 desunt,
902 3575 938 3628 ut
957 3575 1044 3628 recte
1070 3568 1149 3629 ridit
1172 3568 1456 3641 lluecbelerus‚
1491 3567 1605 3629 ibidem
1634 3570 1654 3630 l.
1684 3567 1725 3628 26
1749 3567 1862 3640 verba,
1899 3566 2010 3645 quibus
2038 3587 2139 3648 oppo-

382 3692 471 3750 nitur
488 3688 551 3753 νῦν
571 3683 615 3754 dl·

551 3807 694 3887 Denique
719 3807 801 3868 idem
830 3807 1103 3870 Buechelerus
1136 3806 1169 3866 iu
1198 3806 1301 3867 verbis
1329 3801 1389 3870 καί
1412 3827 1515 3885 φασιν
1544 3797 1628 3870 εἶναι’
1657 3829 1730 3869 ποτε
1759 3809 1825 3879 ιοῒς
1854 3802 2060 3886 Σπαρτιάταις
2086 3801 2143 3870 καὶ

382 3924 516 4012 μυρίους
536 3928 591 4003 (ib.
612 3927 634 3986 l.
655 3923 724 4001 37),
752 3933 824 4006 post
855 3947 935 4006 quae
954 3923 1205 4006 Tourotusw)
1228 3925 1384 3985 excidisse
1412 3924 1602 4004 boplitsrum
1629 3925 1892 4005 significationem
1919 3933 1953 3984 et
1981 3933 2145 4003 praeterea

384 4045 680 4125 furunculorum
705 4064 867 4105 numerum
895 4053 1021 4118 censet,
1049 4043 1192 4105 faciliore
1218 4043 1399 4103 coniectura
1422 4043 1562 4104 restituit
1591 4040 1687 4117 τοὺς
1711 4039 1967 4124 Σπαρτιάτας.
2010 4042 2060 4104 Ex
2084 4045 2145 4110 boc

385 4173 488 4226 eutem
513 4167 583 4245 ipso
614 4164 683 4224 loco
715 4163 855 4224 efficitur
884 4171 976 4225 tutes
1011 4163 1029 4226 l.
1058 4161 1101 4224 30
1126 4171 1214 4224 recte
1244 4159 1495 4244 τρισχιλίους
1524 4163 1557 4222 iu
1585 4182 1680 4243 marg.
1701 4160 1745 4221 1²¹
1778 4170 1956 4222 correctum
1987 4179 2058 4223 esse
2089 4182 2145 4243 pro

386 4282 597 4367 τρισμυρίας,
625 4283 658 4344 id
688 4282 771 4360 quod
806 4283 949 4363 probsvit
979 4282 1040 4343 ism
1072 4281 1362 4360 (ioettlingius,
1400 4281 1562 4360 idemque,
1595 4282 1622 4341 si
1654 4282 1727 4360 quid
1757 4281 1864 4355 video,
1905 4281 2021 4342 docent
2051 4283 2144 4342 etiam

387 4423 467 4482 quse
487 4411 596 4464 contra
618 4401 781 4462 Platonem
803 4402 952 4463 disseruit
971 4401 1176 4481 philosophus
1197 4419 1224 4460 c.
1245 4398 1276 4460 6.
1302 4397 1421 4473 12650,
1444 4395 1576 4463 13-17.

554 4654 602 4723 87)
622 4654 708 4708 vum
726 4656 852 4705 monuisse
869 4655 930 4703 satis
947 4655 980 4702 sit
996 4650 1068 4722 πλήν
1084 4661 1110 4704 st
1125 4648 1199 4721 παρα
1222 4657 1317 4712 tussa,
1336 4657 1366 4701 st
1387 4651 1450 4701 nibil
1468 4653 1516 4701 olai
1535 4650 1660 4717 duplicem
1678 4651 1810 4702 lectionem
1828 4649 1906 4698 rideri
1923 4645 2143 4708 Buscbslcro‚

1206 4733 1298 4891 ZZZ,
1316 4781 1427 4840 nlflrmo,
1446 4787 1639 4846 corruptumque
1657 4779 1690 4840 qb
1708 4795 1738 4829 oo
1757 4777 1843 4828 baberi
1862 4771 1916 4828 s'orl
1934 4774 1995 4824 ibid.
2015 4775 2032 4824 l.
2044 4781 2086 4836 st,
2104 4791 2144 4826 me

390 4917 472 4958 notem
490 4909 570 4974 ipsum
593 4925 741 4974 propensum
765 4921 820 4958 essa
845 4907 878 4956 sd
895 4909 1059 4970 credendum,
1085 4917 1142 4974 post
1159 4901 1319 4962 incoantibus
1342 4907 1376 4956 ib.
1401 4923 1423 4956 c.
1442 4911 1467 4956 9.
1490 4905 1507 4955 Ι.
1527 4909 1560 4956 ³³
1584 4906 1686 4971 periisse
1703 4899 1723 4972 ἢ
1736 4899 1776 4972 μή
1796 4899 1971 4962 ὑπεναντίως,
1994 4911 2022 4954 st
2050 4907 2144 4964 terta,

390 5001 423 5042 ἰο
441 5009 478 5058 sq.
496 5009 552 5043 cum
571 4995 710 5044 Gulelmus
728 4994 849 5059 probante
868 4991 1067 5044 Schneidero
1090 5005 1146 5060 post
1170 4991 1238 5048 ἄλλο’
1261 4989 1318 5063 μὴν
1337 4993 1426 5058 legerit
1442 4985 1538 5053 ιιίιαι,
1564 5001 1589 5042 et
1613 5005 1714 5042 sensum
1733 4997 1757 5040 ct
1782 4991 1858 5042 verbu
1878 4989 2029 5042 restituenda
2048 5005 2102 5040 csso
2119 4989 2145 5040 in

390 5083 455 5130 bunc
473 5079 524 5130 iore
542 5082 654 5132 modum:
672 5077 741 5132 illd
757 5075 811 5146 μήν
833 5073 894 5142 <si
908 5083 989 5149 sol>
1008 5079 1122 5148 Moror,
1144 5079 1255 5149 <dei>
1276 5099 1296 5131 s.
1319 5077 1491 5147 <βέλιιόν>
1512 5097 1539 5145 γε
1557 5073 1596 5146 μή
1616 5095 1641 5127 ιι.
1663 5095 1685 5128 τ.
1702 5083 1725 5129 i.

557 5167 602 5228 38)
623 5165 653 5215 Ιι.
672 5167 689 5215 l.
706 5183 731 5230 p.
751 5172 780 5216 st
802 5181 839 5230 sq.

388 4781 413 4830 id
426 4783 492 4845 qnod
510 4797 559 4846 ego
577 4798 623 4834 nec
640 4797 706 4847 nego
722 4795 782 4842 nee,
799 4781 898 4831 ameni
915 4781 1008 4846 legitur
1026 4783 1052 4832 in
1071 4777 1102 4832 1⁵
1121 4780 1189 4848 (1²¹)

1064 5327 1094 5334 ....
1124 5321 1472 5336 ..,,.....-.----
