4850 5918
1134 409 1199 474 XII

318 621 526 708 anapaestici
542 644 563 686 a
579 623 783 706 coryphaeo
803 622 1082 689 melodramatice
1105 623 1250 687 recitati:
1274 639 1386 689 uuum
1410 645 1456 686 ex
1479 623 1528 686 eis
1551 621 1635 686 solis
1657 622 1844 686 constiterit
1868 622 2021 705 parodus

316 771 358 814 an
393 747 558 835 cantilena
593 746 690 812 chori
722 763 840 813 secuta
874 749 928 828 sit,
963 747 1067 832 plane
1100 747 1277 814 nescimus.
1323 746 1475 811 Chorum
1509 746 1615 810 habet
1642 745 1744 811 etiam
1777 744 2021 830 Aristophanis

316 871 435 938 Plutus
458 888 492 936 et
515 871 729 937 nihilominus
758 893 824 937 non
856 874 961 938 habm
983 875 1105 961 χοροιά,
1136 895 1226 961 quae
1259 874 1346 938 enim
1368 872 1416 937 ibi
1439 893 1460 937 a
1483 873 1591 938 choro
1616 886 1790 949 canuntur,
1813 869 1920 936 solius
1943 885 2021 936 sunt

316 997 517 1081 coryphaei.
564 997 697 1062 Deinde
719 999 758 1062 fr.
785 1018 857 1083 145·
890 1001 1022 1086 νεοχμόν
1052 1020 1081 1064 τι
1110 1001 1274 1086 παρῆχθαι
1297 1001 1426 1085 ἄθυρμα
1456 1013 1490 1062 et
1513 998 1552 1062 fr.
1582 998 1643 1078 146
1666 996 1788 1062 misere
1810 1009 2020 1080 corruptum,

316 1123 348 1188 in
380 1122 506 1207 quibus
538 1124 584 1188 de
615 1139 722 1208 poeta
754 1125 881 1190 chorus
912 1122 1075 1208 loquitur,
1111 1145 1187 1188 eam
1221 1143 1366 1208 propter
1395 1142 1534 1187 causam
1556 1121 1718 1205 parabasi
1741 1121 1922 1185 tribuenda
1945 1140 2021 1185 esse

316 1247 489 1314 contendit
512 1247 736 1314 Kaibelius
776 1249 939 1314 Attamen
955 1269 1021 1313 non
1044 1246 1154 1314 solum
1177 1248 1210 1312 in
1233 1247 1395 1332 parabasi
1418 1247 1463 1311 de
1486 1261 1592 1332 poeta
1615 1244 1712 1331 loqui
1735 1246 1830 1328 apud
1847 1243 2020 1309 Cratinum

316 1388 457 1457 poterat
480 1373 616 1452 chorus,
645 1395 766 1438 verum
795 1373 898 1440 etiam
925 1374 957 1437 in
983 1374 1111 1452 exodo,
1143 1374 1178 1438 id
1208 1374 1304 1458 quod
1328 1389 1425 1457 patet
1447 1394 1468 1436 e
1491 1362 1534 1436 fr]
1556 1391 1619 1456 237
1644 1392 1701 1455 ap.
1724 1371 1868 1436 Aristid.
1892 1369 2020 1448 XLIX,

317 1499 392 1583 387.
417 1520 452 1582 p.
477 1517 536 1581 5²1
566 1499 665 1563 Dind.
690 1499 812 1578 διδάξας
847 1499 881 1564 δὲ
914 1503 985 1576 τοὺς
1019 1499 1179 1584 Χείρωνος
1213 1499 1490 1585 τροστταρογράφει
1517 1498 1610 1564 πάλιν
1638 1495 1677 1562 αὖ
1706 1498 1791 1582 μάλα
1818 1497 2023 1583 ὑπερηφάνως

316 1624 367 1688 ἐπὶ
389 1624 561 1708 τελευτῆς·

556 1830 561 1837 ἠ
766 1759 866 1814 ταῦτα
888 1750 972 1816 δυοῖν
994 1745 1060 1833 (ἐν)
1087 1749 1167 1814 ἐτοῖν
1190 1750 1262 1833 ἡμῖν
1285 1748 1372 1833 μόλις
1395 1747 1580 1833 ἐξεπονὴθη,

316 1882 380 1950 τοῖς
395 1868 424 1937 δ’
439 1872 546 1950 ἄλλοις
560 1873 594 1937 ἐν
609 1875 721 1939 ἅπαντι
737 1872 793 1958 βίῳ
812 1872 994 1958 προτιθέναι
1017 1875 1092 1957 φησί
1114 1883 1253 1956 ποιηταῖς
1276 1874 1447 1958 μιμεῖσθαι,
1471 1873 1612 1958 &niardo
1635 1873 1677 1950 ὡς
1700 1872 1811 1938 οὐδένα
1832 1867 2020 1956 ἐφιξὸμενον.

318 1996 348 2059 Ε
371 1996 532 2080 parabasi
557 1997 644 2061 enim
667 1997 753 2061 haec
776 2018 841 2062 non
865 2012 952 2076 sunt,
978 2017 1054 2060 nam
1082 2017 1205 2062 versus
1227 1997 1272 2062 ad
1297 1997 1442 2061 verbum
1466 1997 1589 2062 citatus
1612 2012 1665 2060 est
1687 1997 1889 2061 hexameter
1913 1995 2022 2060 heroi·

319 2140 379 2184 cus
403 2120 499 2185 velut
530 2119 638 2186 ultimi
671 2142 792 2188 versus
823 2122 856 2186 in
879 2121 986 2186 Ranis
1018 2141 1099 2207 1527
1124 2141 1217 2205 sqq:
1257 2120 1449 2205 ,plaudite“
1475 2120 1558 2186 illud
1587 2121 1756 2186 continent
1779 2123 1811 2186 in
1835 2121 2023 2205 spectaculi

263 2277 266 2282 Δ
320 2245 415 2308 exitu
440 2265 506 2310 non
529 2245 637 2312 minus
660 2268 765 2331 qnam
791 2245 840 2312 illi
862 2244 1016 2313 Ulixium
1046 2267 1181 2312 versus:
1213 2267 1273 2310 cur
1302 2246 1407 2332 igitur
1429 2247 1475 2311 de
1497 2245 1563 2312 illis
1586 2245 1683 2312 aliter
1705 2246 1895 2312 iudicemus
1918 2262 2023 2330 atque

318 2369 456 2434 dehis?
488 2390 567 2434 num
590 2371 681 2436 forte
704 2371 785 2454 quia
808 2387 884 2436 sunt
918 2371 1106 2436 tetrametri
1135 2371 1363 2454 anapaesticii
1398 2371 1450 2435 At
1479 2371 1567 2436 tales
1590 2392 1711 2437 versus
1733 2370 1862 2436 habent
1883 2371 2022 2454 quidem

203 2503 207 2510 '
318 2492 432 2558 locum
455 2495 557 2560 etiam
579 2497 612 2560 in
635 2497 808 2581 parabasi,
836 2498 899 2561 sed
926 2518 993 2562 non
1019 2497 1128 2562 minus
1155 2497 1242 2560 bene
1269 2496 1439 2579 quadrant
1462 2511 1501 2561 ut
1523 2497 1568 2561 ad
1590 2496 1781 2582 ingressum
1804 2497 1852 2562 ita
1874 2498 1919 2561 ad
1944 2517 2023 2580 pro·

318 2618 499 2684 sectionem
522 2620 773 2687 choreutarum.
820 2620 922 2688 Nulla
944 2623 1049 2708 igitur
1073 2637 1170 2687 extat
1193 2643 1308 2714 causa,
1337 2642 1398 2686 cur
1420 2602 1486 2686 hac
1508 2622 1541 2686 in
1565 2622 1754 2699 comoedia,
1777 2621 1814 2686 id
1836 2622 1932 2705 quod
1955 2621 2023 2686 iam

318 2764 425 2828 supra
447 2745 572 2824 monui,
604 2747 787 2830 parabasin
816 2745 916 2810 sinim
947 2748 1100 2811 exodum
1130 2747 1186 2812 vel
1218 2747 1324 2812 exodi
1348 2760 1482 2830 partem
1505 2746 1610 2812 fuisse
1633 2767 1710 2811 curn
1734 2745 1930 2811 Kaibelio
1953 2767 2023 2811 cre·

318 2869 451 2933 damus.
498 2869 599 2948 Quae
622 2891 698 2935 cum
721 2871 769 2936 ita
792 2872 867 2949 sint,
891 2886 929 2936 ut
951 2872 1115 2936 refutaret
1136 2871 1337 2950 Platonium,
1362 2872 1429 2937 hoc
1451 2887 1545 2936 certe
1568 2892 1634 2936 non
1658 2871 1689 2936 ei
1712 2871 1868 2956 contigit.
1894 2870 2023 2936 Contra

320 2993 536 3058 verisimilem
559 2996 708 3060 reddidit
728 2997 875 3062 duorum
892 2998 1129 3063 tantummodo
1144 2996 1343 3062 histrionum
1366 2997 1398 3062 in
1422 2997 1486 3062 hac
1509 2997 1690 3062 comoedia
1712 3017 1902 3062 numerum:
1927 2997 2023 3080 quod

319 3119 449 3183 siinde
472 3117 662 3214 collegit43)
693 3135 806 3186 ortum
837 3143 912 3188 esse
945 3122 1011 3186 hoc
1041 3123 1169 3202 drama,
1201 3121 1400 3207 priusquam
1431 3137 1566 3187 extaret
1597 3122 1718 3186 tertius
1740 3137 1838 3187 actor
1861 3121 2022 3198 comicus,

322 3239 389 3306 hoc
412 3257 464 3306 est
487 3244 674 3308 secundum
707 3263 758 3323 ea,
794 3265 884 3328 quae
914 3267 1020 3329 supra
1054 3221 1296 3325 demonstravi,
1331 3262 1410 3312 ante
1432 3267 1539 3311 annos
1564 3247 1634 3310 iere
1657 3247 1844 3332 466—450,
1868 3246 1930 3310 vix
1953 3262 2022 3310 tam

319 3367 494 3451 antiquam
516 3382 690 3433 servatam
713 3389 789 3434 esse
812 3370 1027 3434 comoediam
1051 3370 1202 3435 Atticam
1226 3349 1415 3472 arbiibrtt).
1454 3371 1681 3438 Statuendum
1704 3373 1809 3457 igitur
1830 3372 1948 3455 potius
1971 3386 2023 3436 est

320 3492 447 3558 nullum
464 3509 604 3577 poetam
620 3495 723 3560 fuisse
739 3513 897 3561 coactum
913 3496 1021 3561 tribus
1036 3497 1085 3561 uti
1101 3496 1330 3576 histrionibus,
1355 3497 1413 3560 ubi
1429 3511 1666 3583 argumentum
1689 3496 1853 3562 dramatis
1876 3498 2023 3562 duorum

321 3619 503 3683 dumtaxat
527 3639 625 3684 usum
649 3622 878 3703 permitteret:
911 3637 1062 3686 attamen
1085 3623 1248 3700 concedo,
1284 3637 1469 3706 postquam
1497 3621 1617 3686 tertius
1645 3623 1859 3686 introductus
1882 3623 1936 3700 sit,
1961 3643 2023 3705 per

321 3744 430 3808 breve
452 3758 581 3809 tantum
605 3761 741 3828 tempus
764 3746 852 3810 hunc
875 3745 932 3811 vel
961 3745 1056 3810 illum
1087 3763 1225 3830 poetam
1249 3746 1331 3812 talia
1353 3748 1521 3811 interdum
1545 3761 1748 3832 argumenta
1770 3747 1835 3811 sibi
1859 3745 2022 3832 elegisse:

321 3882 414 3933 certe
437 3868 505 3934 hoc
526 3869 804 3936 verisimillimum
827 3871 907 3934 mihi
930 3871 1076 3935 videtur.
1124 3871 1244 3955 ltaque
1272 3871 1384 3937 nullus
1415 3872 1548 3951 dubito,
1579 3871 1660 3954 quin
1683 3871 1835 3936 extiterit
1859 3872 1944 3938 haec
1967 3892 2023 3936 co·

321 3993 458 4059 moedia
480 3993 542 4058 vix
566 4010 647 4078 post
671 4015 795 4060 annum
817 4015 893 4080 455.

482 4154 690 4220 Zielinskii
712 4171 827 4222 autem
850 4158 895 4221 de
917 4156 1055 4240 duplice
1078 4178 1205 4242 genere
1228 4157 1428 4222 comoediae
1456 4159 1583 4223 veteris
1610 4158 1749 4223 Atticae
1777 4179 1904 4244 genere
1933 4177 2023 4221 com·

322 4278 493 4363 menta45),
517 4280 628 4345 altero
651 4281 773 4360 lonico,
796 4282 828 4346 in
852 4302 924 4365 quo
948 4302 1013 4345 non
1029 4296 1188 4366 gererent
1205 4281 1368 4364 phallum,
1386 4281 1496 4346 altero
1513 4282 1632 4360 Dorio,
1648 4281 1732 4346 satis
1747 4303 1769 4345 a
1791 4281 2023 4362 Koerteott)

322 4419 401 4470 sunt
425 4406 581 4470 refutata.
633 4403 768 4471 Cadunt
791 4428 868 4470 cum
892 4405 1019 4471 talibus
1043 4407 1116 4470 eius
1140 4406 1342 4471 coniecturis
1365 4407 1468 4470 etiam
1485 4427 1536 4484 ea,
1561 4428 1651 4489 quae
1675 4406 2022 4491 Poppetreuter47)

322 4531 503 4613 proposuit
527 4531 572 4594 de
591 4551 754 4608 „scaenae
769 4531 946 4596 iocularis“
972 4531 1119 4617 origine:
1144 4531 1360 4596 creditenim
1380 4530 1723 4616 „Zielinskiumfflt
1742 4552 1817 4596 cum
1842 4533 1887 4596 ad
1911 4533 2022 4615 episo-

322 4655 433 4718 dicam
456 4656 658 4721 comoediae
681 4655 820 4722 Atticae
844 4671 978 4740 partem
995 4658 1209 4722 Doriensium
1226 4655 1378 4722 valuisse
1395 4656 1608 4722 comoediam
1624 4657 1815 4736 coniecerit,
1832 4658 1877 4722 ad
1893 4672 2022 4722 rectam

482 4883 515 4951 ⁴³)
535 4887 566 4936 L.
586 4887 602 4936 i.
622 4903 650 4952 p.
670 4889 712 4938 82.

482 4973 576 5040 “ici
596 4975 828 5040 Wilamowitr,
848 4956 942 5026 Herm.
958 4977 1003 5026 IX.
1023 4993 1049 5042 p.
1070 4980 1129 5052 336.

482 5061 515 5130 45)
535 5066 566 5114 L.
586 5065 601 5116 i.
621 5081 649 5130 p.
669 5078 720 5128 240
738 5083 798 5131 sqq.
819 5066 998 5129 Quaestiones
1018 5068 1145 5129 comicae,
1165 5069 1275 5132 Lipsiae
1298 5070 1373 5122 1887.
1393 5083 1420 5132 p.
1441 5069 1472 5117 28
1492 5083 1552 5131 sqq.

483 5151 516 5218 ⁴⁶)
535 5154 566 5204 L.
586 5155 603 5204 i.
622 5170 650 5220 p.
669 5157 703 5205 ὁὸ
722 5171 783 5220 sqq.

483 5241 516 5306 Π)
536 5243 567 5292 1„
586 5245 603 5294 ¹·
622 5259 650 5308 n·
668 5261 704 5306 νν
723 5261 764 5309 sn-

484 5331 516 5396 ⁴⁸)
536 5333 566 5381 L·
586 5333 602 5382 ¹·
623 5349 649 5398 n·
671 5343 721 5396 2⁴3
740 5349 800 5399 sqq·
