4820 5922
1157 421 1248 499 XVI

328 633 456 715 saepius
479 636 570 694 antea
590 630 725 715 probata.
768 629 861 695 Hanc
883 633 916 695 in
933 631 1075 698 Politicis
1098 653 1169 698 esse
1191 654 1267 716 non,
1287 634 1319 697 id
1344 634 1430 717 qnod
1452 636 1530 700 mihi
1552 636 1660 700 risum
1675 638 1732 710 est,
1754 632 1813 715 ΠΙ,
1835 629 1892 696 sed
1907 629 1955 694 11²
1969 631 2077 714 plures

327 751 392 813 iam
413 750 560 814 hominos
585 749 667 812 docti
692 751 938 832 contenderunt,
971 752 1027 814 scd
1055 755 1231 816 accuratius
1255 753 1469 817 demonstrare
1502 754 1606 817 adhuc
1628 758 1762 818 conatus
1781 756 1829 818 est
1847 771 1941 814 nomo
1958 755 2080 835 praeter

328 867 632 951 Nouuranum⁴⁷).
676 870 757 934 Nam
788 871 1078 954 fleyibutiuse)
1111 893 1240 957 quoque
1261 874 1437 956 contendit,
1471 891 1536 938 nou
1570 872 1818 952 demonstrarit,
1839 869 1870 934 id
1894 873 1978 954 quod
2001 873 2078 934 satis

327 990 391 1054 iam
413 1011 432 1053 a
454 989 552 1070 me⁴⁹l
572 995 732 1054 ostentum
755 1009 826 1054 esse
856 997 940 1073 puto.
983 990 1012 1053 N
1019 1010 1187 1056 ewmano
1214 998 1321 1056 autem
1343 992 1394 1056 vel
1426 993 1487 1056 alio
1509 992 1578 1056 loco
1600 991 1651 1054 vel
1669 993 1704 1055 in
1727 992 1825 1056 altera
1847 991 1959 1054 harum
1982 1010 2079 1075 quae·

338 1110 479 1172 stionum
502 1111 656 1192 particula
687 1109 903 1194 respondebo,
937 1131 1047 1193 qnam,
1080 1114 1109 1174 si
1135 1110 1223 1176 Deus
1255 1113 1342 1194 vult,
1376 1113 1503 1178 offeram
1526 1112 1618 1177 robis
1639 1118 1711 1197 post
1740 1111 1907 1175 duodecim
1941 1129 2078 1175 menses.

330 1229 436 1293 Unum
459 1232 523 1292 iarn
544 1231 603 1293 lioc
624 1230 693 1292 loco
712 1231 828 1292 adicio:
853 1233 1042 1294 seutentiam
1072 1231 1159 1294 illam
1182 1251 1286 1296 meam
1321 1232 1360 1296 de
1382 1233 1456 1296 crisi
1478 1232 1626 1296 eclectica
1647 1233 1679 1294 in
1705 1230 1855 1316 operibus
1877 1231 2077 1295 Aristoteleis

328 1371 400 1414 cnm
418 1352 550 1415 firmiter
569 1356 706 1430 teneam,
729 1371 747 1413 a
769 1349 986 1432 Bywatcro
1006 1371 1077 1416 reor
1097 1355 1132 1414 in
1155 1372 1238 1416 nova
1259 1353 1398 1416 editione
1427 1351 1611 1416 Ethicorum
1633 1349 1919 1416 Nicomacheorum
1945 1353 2078 1415 minime

327 1470 609 1552 contemnendam)
631 1472 730 1534 multo
754 1473 894 1553 saepiuS,
917 1491 1012 1554 quarn
1035 1475 1155 1536 iustum
1178 1477 1235 1554 est,
1258 1471 1302 1536 I(b
1334 1473 1435 1537 solius
1464 1473 1573 1555 optimi
1600 1471 1719 1535 codicis
1742 1472 1912 1554 scripturas
1932 1472 1966 1533 in
1987 1475 2078 1535 textu

329 1611 401 1656 esse
425 1595 552 1676 positas.
598 1591 731 1656 Minime
753 1594 839 1655 enim
862 1596 909 1655 est
927 1595 1005 1654 tanti
1028 1595 1119 1674 pretii
1141 1592 1192 1656 hic
1215 1591 1296 1655 liber
1319 1593 1429 1676 quanti
1452 1593 1494 1656 Α0
1522 1593 1555 1654 in
1578 1588 1714 1654 Poeticis
1741 1595 1773 1654 et
1793 1589 1970 1655 Rhetoricis
1993 1597 2024 1654 et
2050 1591 2077 1656 Ε
2107 1607 2110 1614 ’

304 1714 360 1775 ¹in
379 1711 625 1795 Psychologicis.
671 1712 740 1795 Ego
762 1732 835 1776 cum
856 1712 967 1775 Ethica
988 1711 1201 1776 Nicomachea
1237 1711 1375 1794 oderem,
1408 1711 1549 1775 nondum
1583 1711 1672 1793 potui
1703 1713 1820 1795 Aspasi
1842 1714 2077 1776 commentariis

329 1835 384 1916 uti,
405 1836 506 1918 potuit
528 1833 709 1914 Bywater
729 1839 878 1915 reeteque
893 1834 1011 1914 recepit
1023 1833 1195 1915 permultas
1217 1833 1370 1896 lectiones
1386 1835 1480 1895 ateis
1496 1836 1528 1896 et
1549 1829 1593 1895 Kb
1612 1830 1714 1894 codici
1730 1851 1928 1915 communae,
1953 1833 2077 1896 tametsi

327 1955 550 2038 haudpaucas
573 1973 849 2036 eorumquoque,
882 1953 920 2016 de
954 1951 1072 2036 quibus
1105 1953 1162 2015 hoc
1195 1953 1294 2036 valet,
1326 1955 1396 2037 ipse
1425 1953 1693 2046 reicereooactus
1715 1959 1771 2016 est.
1817 1951 1878 2030 Qui
1903 1953 2000 2034 igitur
2027 1969 2078 2012 me

327 2073 435 2137 audire
461 2074 548 2155 vult,
571 2076 615 2154 is,
638 2075 700 2136 nisi
723 2073 834 2157 lingua
856 2074 987 2156 impedit
1010 2079 1063 2136 aut
1091 2078 1174 2136 certe
1197 2071 1360 2137 dissuadet
1379 2074 1430 2136 vel
1453 2075 1611 2136 sententia
1632 2071 1685 2134 vel
1708 2076 1860 2156 utraque,
1896 2071 2077 2154 ubicunque

323 2194 387 2258 duo
405 2197 458 2256 isti
481 2196 584 2257 tontes
606 2194 690 2257 idem
720 2193 871 2277 praebent
901 2213 960 2256 uec
992 2213 1057 2257 non
1081 2192 1264 2278 ubicunque
1295 2213 1353 2277 per
1383 2194 1480 2257 libros
1512 2191 1554 2254 Il.
1579 2190 1632 2254 vi.
1657 2191 1727 2256 Vll.
1757 2190 1811 2255 IX.
1836 2191 1864 2254 X
1886 2191 1937 2272 (de
1960 2189 2078 2256 librol

324 2313 445 2394 dubito)
467 2311 531 2394 llll,
553 2333 607 2396 per
639 2312 737 2376 libros
772 2312 828 2374 lll.
853 2311 907 2374 lV.
934 2310 1010 2374 viii
1037 2310 1093 2394 0¹³,
1113 2331 1170 2394 per
1199 2313 1314 2378 librum
1339 2312 1366 2374 V
1390 2311 1430 2376 Lb
1450 2334 1524 2378 cum
1547 2311 1591 2378 Kl
1614 2318 1804 2397 congruunt,
1832 2313 1887 2376 has
1907 2312 2077 2394 scripturas

323 2432 543 2516 amplectetur,
576 2434 680 2496 solum
712 2453 786 2497 vero
814 2431 858 2496 Kb
881 2435 1021 2496 codicem
1044 2431 1088 2495 ibi
1116 2438 1238 2497 tantum
1267 2439 1433 2517 sequetur,
1466 2434 1522 2498 ubi
1552 2453 1604 2498 res
1625 2435 1694 2517 ipsa
1716 2431 2003 2496 hoc-commendat
2024 2435 2078 2494 aut

322 2573 403 2617 usus
425 2553 576 2636 loquendi
598 2552 810 2616 Aristotcleus
832 2558 886 2616 aut
908 2559 939 2615 et
961 2553 1011 2615 hic
1033 2557 1065 2615 et
1086 2554 1151 2634 illa,
1174 2558 1282 2618 contra
1305 2553 1360 2618 ubi
1382 2571 1484 2636 aeque
1506 2552 1632 2616 defendi
1654 2559 1790 2637 possunt
1811 2556 1987 2615 ceterorum
2009 2554 2078 2612 fon·

322 2675 402 2736 hum
424 2672 587 2754 laetiense,
608 2674 664 2736 has
686 2676 824 2736 retinere
847 2674 963 2735 certius
987 2691 1059 2736 esse
1082 2673 1195 2758 credet.
1280 2697 1285 2718 ι

486 2793 547 2856 Sed
570 2793 648 2855 haec
669 2793 834 2856 hactenus:
869 2793 908 2856 de
943 2792 1105 2854 nonnullis
1138 2811 1225 2856 nunc
1258 2791 1464 2857 Politicorum
1497 2791 1574 2856 locis
1608 2811 1710 2874 egem.
1762 2789 1860 2856 Recte
1894 2791 2076 2874 nuperrime
2174 2867 2176 2872 Ι

321 2914 447 2977 monuit
468 2911 615 2976 Petrus
639 2910 823 2994 Meyer⁵¹)
847 2911 885 2976 ab
908 2912 1096 2994 Aristotele,
1119 2915 1266 2996 quamvis
1286 2913 1461 2998 distinguat
1481 2911 1634 2974 πολιτείαν
1656 2919 1687 2975 et
1708 2901 1836 2996 νόμους,
1867 2913 2077 2976 nihilomiuus

323 3035 417 3097 etiam
439 3054 512 3096 eum
537 3032 706 3116 νομοθέτην
727 3035 851 3114 uocari,
885 3034 940 3116 qui
976 3052 1092 3096 noram
1125 3032 1300 3096 condiderit
1329 3033 1490 3096 πολιτείαν.
1536 3031 1599 3096 Sed
1628 3037 1726 3114 errat,
1754 3052 1828 3096 cum
1851 3033 1926 3096 inde
1948 3031 2075 3096 delendi

323 3171 417 3236 posse
439 3154 568 3218 alteram
593 3158 714 3238 partem
748 3155 909 3216 existimet
931 3154 1059 3237 capitis,
1093 3153 1176 3236 quod
1207 3154 1355 3217 ultimum
1391 3153 1495 3218 locum
1519 3152 1614 3217 habet
1642 3155 1676 3216 in
1698 3151 1779 3218 libro
1802 3153 1953 3235 secundo,
1978 3153 2071 3216 1274·

321 3272 487 3336 22-1226.
532 3273 621 3338 Errat
643 3295 680 3338 oo
704 3277 817 3358 magia
840 3294 902 3358 quc
931 3274 1000 3357 ipse
1023 3276 1254 3358 minuspotest
1276 3294 1392 3360 negare
1415 3276 1522 3358 spuria
1544 3293 1616 3338 esse
1641 3270 1736 3336 127412
1757 3273 1875 3338 9-15
1897 3272 2075 3336 Φαλέου-

322 3387 473 3480 ἄχρηστον
495 3399 526 3459 et
547 3398 678 3460 forsitan
701 3399 795 3459 etiem
822 3395 916 3458 1274Ι
942 3393 1077 3458 32-1‘2
1098 3386 1134 3462 ἦν
1156 3432 1195 3442 -
1211 3383 1365 3466 Φιλόλαος
1386 3399 1418 3458 et
1442 3393 1538 3457 1274b
1560 3393 1699 3458 23-26
1722 3391 1896 3478 ἐγένετο-
1917 3387 1967 3456 du:
1992 3397 2074 3457 certe

320 3515 398 3577 mihi
421 3515 550 3597 quidem
574 3518 674 3580 satius
696 3518 822 3580 videtur
846 3518 1031 3579 continuam
1058 3515 1333 3578 enumerationem
1361 3533 1491 3598 prorsus
1514 3515 1684 3596 damnare,
1716 3516 1745 3578 si
1777 3516 1878 3578 maior
1907 3516 1977 3577 eius
2000 3532 2074 3596 pars

319 3640 447 3718 propter
469 3640 627 3700 variorum
649 3655 804 3720 generum
825 3639 962 3721 ineptias
984 3635 1183 3699 damnandus
1200 3640 1258 3717 est,
1281 3655 1376 3718 quam
1398 3637 1498 3699 eiecta
1512 3635 1567 3699 illa
1581 3637 1737 3698 minorem
1753 3633 1931 3717 defendere,
1954 3635 2073 3718 quippe

324 3776 405 3838 quac
423 3777 484 3820 uon
505 3761 600 3820 tantis
618 3759 703 3820 vitiis
721 3763 839 3820 scateat
851 3755 916 3838 ⁵¹b).
949 3755 1116 3820 Praeterea
1137 3776 1244 3820 nonne
1260 3757 1354 3820 etiem
1370 3775 1452 3841 quae
1469 3756 1563 3819 1274·
1583 3757 1666 3817 25-
1677 3755 1714 3816 31
1734 3753 1894 3837 leguntur,
1915 3759 2074 3842 πειρῶνται

324 3913 363 3922 -
386 3880 449 3936 τῶν
470 3867 583 3962 χρόνων
603 3881 730 3962 ἔχοντες,
765 3878 845 3941 nihil
865 3879 1038 3959 continent,
1070 3878 1154 3961 qued
1178 3879 1217 3942 ad
1246 3896 1312 3941 rem
1332 3879 1526 3962 propositam
1548 3876 1726 3962 pertineat?
1758 3895 1866 3939 nonno
1889 3879 2004 3940 mirum
2024 3881 2073 3940 est

324 3999 420 4060 otiam
442 3995 613 4061 Zaleucum
629 4005 660 4062 et
673 3996 868 4061 Charondam
884 3999 987 4062 afferri
1005 3996 1100 4059 1274·
1121 3997 1267 4079 22-25,
1290 3998 1404 4062 deinde
1419 4017 1506 4080 vero,
1525 4000 1693 4080 postquam
1709 3997 1892 4062 intermixta
1907 4002 1956 4062 est
1977 3999 2073 4082 louge

323 4117 377 4180 illa
395 4117 433 4180 de
449 4115 592 4182 Philoleo
612 4118 773 4182 Corinthio
796 4121 942 4194 narratie,
965 4119 1060 4181 iili*
1082 4117 1224 4200 31-b5,
1248 4117 1286 4181 de
1309 4118 1492 4184 Charondae
1513 4124 1635 4184 tantum
1659 4119 1784 4203 legibus
1806 4122 1857 4204 agi
1875 4119 2071 4201 latete-9,

322 4259 375 4302 oas
398 4259 488 4321 roro,
517 4259 596 4322 quas
624 4240 710 4302 dodit
732 4239 903 4320 Zaleucum,
925 4239 1052 4303 silentio
1074 4240 1259 4322 praeteriri?
1281 4239 1371 4304 Errat
1393 4239 1542 4325 Meyer,
1568 4261 1641 4308 cum
1663 4243 1818 4335 rationem
1839 4261 1903 4306 non
1927 4239 2071 4305 habuerit

321 4359 490 4424 vorborum
516 4359 612 4422 12731’
634 4360 674 4422 30
686 4379 752 4443 sqq.
776 4363 844 4420 ἔνιοι
863 4351 898 4420 δὲ
921 4358 1087 4444 νομοθέται
1114 4350 1271 4444 γεγόνασιν
1291 4409 1297 4423 .
1321 4409 1327 4423 .
1353 4409 1360 4422 .
1383 4353 1571 4424 καὶτούτων
1602 4368 1631 4424 el
1666 4358 1719 4446 μὲν
1740 4360 1877 4445 ἐγένοντο
1899 4352 2071 4447 δημιουργοὶ

321 4471 419 4566 νόμον
440 4482 516 4563 (vol,
539 4483 567 4543 si
588 4479 636 4541 11²
657 4480 808 4543 lauritium
832 4481 924 4563 sequi
946 4481 1117 4564 malumus,
1139 4471 1238 4565 νόμων
1252 4478 1387 4564 ἐγένοντο
1407 4473 1579 4569 δημιουργοὶ
1601 4474 1712 4567 μόνον),
1734 4486 1763 4544 οἳ
1782 4473 1817 4543 δὲ
1838 4484 1889 4544 καὶ
1910 4483 2070 4560 πολιτείοις,

485 4736 529 4793 tii
550 4735 607 4788 The
625 4735 737 4788 Politice
756 4733 785 4786 ol
802 4733 940 4796 Aristode,
959 4735 1042 4786 Oron.
1064 4732 1138 4786 1887.

485 4824 531 4892 48)
550 4823 618 4876 Μιιε.
638 4823 723 4890 Rhea,
742 4821 827 4876 XLII.
847 4821 922 4874 1887.
937 4837 962 4890 p.
986 4819 1130 4873 ion-110.

484 4907 926 4978 lo)nnnai.puiioi.cxxx111.
953 4907 1028 4962 1887.
1057 4925 1082 4977 p.
1101 4906 1258 4961 eoi-805.
1293 4907 1374 4962 Error
1390 4911 1481 4962 umen
1501 4909 1641 4964 admodum
1660 4908 1891 4978 reprehendendus
1909 4911 1964 4972 est,
1994 4911 2064 4980 quod

319 4997 355 5050 ibi
374 5015 398 5066 p.
417 4997 468 5050 804
486 4998 593 5066 scripsi:
613 4997 750 5064 „Heylbut
767 5000 871 5050 itnssert
888 4995 946 5048 sich
964 4995 1029 5050 iiber
1042 4994 1089 5050 das
1107 4996 1184 5049 Alter
1202 4993 1258 5062 (des
1276 4997 1357 5050 rutili.
1375 4995 1547 5066 Palimpsesti
1566 4995 1643 5050 nieht
1660 4996 1744 5049 uther
1761 4997 1838 5067 etef‘,

487 5083 534 5150 50)
555 5084 636 5138 Oxou.
658 5083 731 5138 1890.

486 5173 535 5237 51)
556 5171 610 5223 Dos
629 5171 788 5224 Aristoteles
806 5171 906 5225 Politilr
927 5171 979 5224 und
998 5169 1040 5224 die
1058 5166 1195 5235 Ἀθηναίων
1212 5169 1327 5236 πολιτεία,
1345 5171 1430 5226 Boon.
1450 5171 1524 5227 1891.
1542 5187 1568 5239 p.
1591 5169 1699 5224 13-28.

484 5257 548 5324 till)
567 5257 629 5312 Non
643 5275 750 5327 prorsus
769 5260 859 5312 eadem
886 5258 1001 5328 quidem,
1031 5259 1076 5311 sed
1103 5259 1201 5312 similia
1219 5262 1309 5313 tamm
1338 5258 1438 5314 cadunt
1466 5258 1547 5312 etiam
1570 5257 1599 5310 in
1616 5256 1705 5312 locum
1721 5273 1802 5327 supra
1828 5259 1895 5312 mihi
1919 5262 2066 5315 tractatum

317 5345 397 5401 Rhet.
417 5345 454 5410 ΙΙ,
472 5344 514 5398 26.
530 5345 611 5402 lios·
633 5345 667 5398 34
685 5363 741 5416 sqq.
