<?xml version="1.0" encoding="UTF-8"?>
<!DOCTYPE html PUBLIC "-//W3C//DTD XHTML 1.0 Transitional//EN"
    "http://www.w3.org/TR/xhtml1/DTD/xhtml1-transitional.dtd">
<html xmlns="http://www.w3.org/1999/xhtml" xml:lang="en" lang="en">
 <head>
  <title>
</title>
<meta http-equiv="Content-Type" content="text/html;charset=utf-8" />
  <meta name='ocr-system' content='tesseract 3.04.00' />
  <meta name='ocr-capabilities' content='ocr_page ocr_carea ocr_par ocr_line ocrx_word'/>
</head>
<body>
  <div class='ocr_page' id='page_1' title='image "./dearistotelispo00susegoog_0018.png"; bbox 0 0 4820 5922; ppageno 0'>
   <div class='ocr_carea' id='block_1_1' title="bbox 1026 347 1278 422">
    <p class='ocr_par' dir='ltr' id='par_1_1' title="bbox 1026 347 1278 422">
     <span class='ocr_line' id='line_1_1' title="bbox 1026 347 1278 422; baseline -0.008 -16"><span class='ocrx_word' id='word_1_1' title='bbox 1026 347 1278 422; x_wconf 71' lang='lat'><strong>..13-</strong></span> 
     </span>
    </p>
   </div>
   <div class='ocr_carea' id='block_1_2' title="bbox 268 564 2037 1717">
    <p class='ocr_par' dir='ltr' id='par_1_2' title="bbox 268 564 2037 1717">
     <span class='ocr_line' id='line_1_2' title="bbox 268 564 2033 646; baseline 0.003 -19"><span class='ocrx_word' id='word_1_2' title='bbox 268 573 302 627; x_wconf 93' lang='lat' dir='ltr'>et</span> <span class='ocrx_word' id='word_1_3' title='bbox 329 564 414 646; x_wconf 88' lang='lat' dir='ltr'>quod</span> <span class='ocrx_word' id='word_1_4' title='bbox 441 564 475 624; x_wconf 91' lang='lat' dir='ltr'>in</span> <span class='ocrx_word' id='word_1_5' title='bbox 506 565 632 630; x_wconf 88' lang='lat' dir='ltr'>ciritete</span> <span class='ocrx_word' id='word_1_6' title='bbox 659 565 823 628; x_wconf 82' lang='lat' dir='ltr'>Pletonice</span> <span class='ocrx_word' id='word_1_7' title='bbox 851 565 1006 645; x_wconf 69' lang='lat' dir='ltr'>degentes</span> <span class='ocrx_word' id='word_1_8' title='bbox 1035 582 1145 626; x_wconf 87' lang='lat' dir='ltr'>ornnes</span> <span class='ocrx_word' id='word_1_9' title='bbox 1166 566 1252 627; x_wconf 84' lang='lat' dir='ltr'>cives</span> <span class='ocrx_word' id='word_1_10' title='bbox 1272 571 1399 628; x_wconf 74' lang='lat' dir='ltr'>nochor</span> <span class='ocrx_word' id='word_1_11' title='bbox 1424 566 1576 628; x_wconf 89' lang='lat' dir='ltr'>hebemus</span> <span class='ocrx_word' id='word_1_12' title='bbox 1599 573 1654 628; x_wconf 88' lang='lat' dir='ltr'>eut</span> <span class='ocrx_word' id='word_1_13' title='bbox 1674 573 1823 646; x_wconf 88' lang='lat' dir='ltr'>perentes</span> <span class='ocrx_word' id='word_1_14' title='bbox 1844 574 1899 630; x_wconf 87' lang='lat' dir='ltr'>eut</span> <span class='ocrx_word' id='word_1_15' title='bbox 1917 568 2033 632; x_wconf 84' lang='lat' dir='ltr'>fretrer</span> 
     </span>
     <span class='ocr_line' id='line_1_3' title="bbox 268 685 2036 765; baseline 0 -17"><span class='ocrx_word' id='word_1_16' title='bbox 268 694 326 748; x_wconf 85' lang='lat' dir='ltr'>eut</span> <span class='ocrx_word' id='word_1_17' title='bbox 347 685 432 747; x_wconf 80' lang='lat' dir='ltr'>lilios</span> <span class='ocrx_word' id='word_1_18' title='bbox 455 691 488 746; x_wconf 94' lang='lat' dir='ltr'>et</span> <span class='ocrx_word' id='word_1_19' title='bbox 506 686 539 746; x_wconf 93' lang='lat' dir='ltr'>ld</span> <span class='ocrx_word' id='word_1_20' title='bbox 560 686 687 765; x_wconf 90' lang='lat' dir='ltr'>quidem</span> <span class='ocrx_word' id='word_1_21' title='bbox 708 704 747 748; x_wconf 90' lang='lat' dir='ltr'>eo</span> <span class='ocrx_word' id='word_1_22' title='bbox 771 691 891 748; x_wconf 70' lang='lat' dir='ltr'>uotum</span> <span class='ocrx_word' id='word_1_23' title='bbox 913 701 1027 758; x_wconf 86' lang='lat' dir='ltr'>seusu,</span> <span class='ocrx_word' id='word_1_24' title='bbox 1050 703 1112 763; x_wconf 91' lang='lat' dir='ltr'>quo</span> <span class='ocrx_word' id='word_1_25' title='bbox 1134 685 1259 759; x_wconf 88' lang='lat' dir='ltr'>cuncti,</span> <span class='ocrx_word' id='word_1_26' title='bbox 1288 703 1352 747; x_wconf 89' lang='lat' dir='ltr'>non</span> <span class='ocrx_word' id='word_1_27' title='bbox 1374 685 1493 765; x_wconf 79' lang='lat' dir='ltr'>singuli</span> <span class='ocrx_word' id='word_1_28' title='bbox 1513 685 1633 765; x_wconf 78' lang='lat' dir='ltr'>aliquid</span> <span class='ocrx_word' id='word_1_29' title='bbox 1655 703 1744 747; x_wconf 87' lang='lat' dir='ltr'>suum</span> <span class='ocrx_word' id='word_1_30' title='bbox 1766 686 1826 748; x_wconf 88' lang='lat' dir='ltr'>ribi</span> <span class='ocrx_word' id='word_1_31' title='bbox 1849 687 2036 750; x_wconf 82' lang='lat' dir='ltr'>vindicent&#39;l</span> 
     </span>
     <span class='ocr_line' id='line_1_4' title="bbox 268 802 2036 888; baseline 0.002 -22"><span class='ocrx_word' id='word_1_32' title='bbox 268 807 382 869; x_wconf 88' lang='lat' dir='ltr'>Nonne</span> <span class='ocrx_word' id='word_1_33' title='bbox 407 804 512 884; x_wconf 85' lang='lat' dir='ltr'>potius</span> <span class='ocrx_word' id='word_1_34' title='bbox 534 823 626 866; x_wconf 83' lang='lat' dir='ltr'>crure</span> <span class='ocrx_word' id='word_1_35' title='bbox 645 803 696 867; x_wconf 93' lang='lat' dir='ltr'>his</span> <span class='ocrx_word' id='word_1_36' title='bbox 718 804 823 866; x_wconf 84' lang='lat' dir='ltr'>verbis</span> <span class='ocrx_word' id='word_1_37' title='bbox 845 802 1044 878; x_wconf 78' lang='lat' dir='ltr'><strong>continetur,</strong></span> <span class='ocrx_word' id='word_1_38' title='bbox 1066 823 1127 883; x_wconf 91' lang='lat' dir='ltr'>que</span> <span class='ocrx_word' id='word_1_39' title='bbox 1148 803 1182 864; x_wconf 94' lang='lat' dir='ltr'>id</span> <span class='ocrx_word' id='word_1_40' title='bbox 1203 805 1306 883; x_wconf 89' lang='lat' dir='ltr'>ipsum</span> <span class='ocrx_word' id='word_1_41' title='bbox 1328 803 1384 879; x_wconf 90' lang='lat' dir='ltr'>lit,</span> <span class='ocrx_word' id='word_1_42' title='bbox 1407 812 1444 867; x_wconf 91' lang='lat' dir='ltr'>ut</span> <span class='ocrx_word' id='word_1_43' title='bbox 1465 806 1504 867; x_wconf 90' lang='lat' dir='ltr'>ed</span> <span class='ocrx_word' id='word_1_44' title='bbox 1526 804 1704 867; x_wconf 87' lang='lat' dir='ltr'>communie</span> <span class='ocrx_word' id='word_1_45' title='bbox 1727 804 1920 886; x_wconf 74' lang='lat' dir='ltr'>negligendo</span> <span class='ocrx_word' id='word_1_46' title='bbox 1938 809 2036 888; x_wconf 74' lang='lat' dir='ltr'>magle</span> 
     </span>
     <span class='ocr_line' id='line_1_5' title="bbox 269 922 2036 1007; baseline 0.001 -21"><span class='ocrx_word' id='word_1_47' title='bbox 269 924 421 1007; x_wconf 77' lang='lat' dir='ltr'>propensi</span> <span class='ocrx_word' id='word_1_48' title='bbox 442 923 510 998; x_wconf 83' lang='lat' dir='ltr'>sint</span> <span class='ocrx_word' id='word_1_49' title='bbox 534 922 678 984; x_wconf 91' lang='lat' dir='ltr'>homiues</span> <span class='ocrx_word' id='word_1_50' title='bbox 702 925 807 1005; x_wconf 88' lang='lat' dir='ltr'>itoque</span> <span class='ocrx_word' id='word_1_51' title='bbox 830 925 862 984; x_wconf 88' lang='lat' dir='ltr'>iu</span> <span class='ocrx_word' id='word_1_52' title='bbox 884 924 1011 984; x_wconf 88' lang='lat' dir='ltr'>ciritete</span> <span class='ocrx_word' id='word_1_53' title='bbox 1034 923 1198 984; x_wconf 89' lang='lat' dir='ltr'>Pletonice</span> <span class='ocrx_word' id='word_1_54' title='bbox 1220 923 1348 984; x_wconf 88' lang='lat' dir='ltr'>minime</span> <span class='ocrx_word' id='word_1_55' title='bbox 1371 943 1445 986; x_wconf 86' lang='lat' dir='ltr'>suos</span> <span class='ocrx_word' id='word_1_56' title='bbox 1466 926 1606 986; x_wconf 87' lang='lat' dir='ltr'>cureturi</span> <span class='ocrx_word' id='word_1_57' title='bbox 1631 923 1718 984; x_wconf 73' lang='lat' dir='ltr'>sinti</span> <span class='ocrx_word' id='word_1_58' title='bbox 1762 924 1796 985; x_wconf 89' lang='lat' dir='ltr'>Si</span> <span class='ocrx_word' id='word_1_59' title='bbox 1818 931 1922 988; x_wconf 87' lang='lat' dir='ltr'>eutem</span> <span class='ocrx_word' id='word_1_60' title='bbox 1943 945 2036 988; x_wconf 87' lang='lat' dir='ltr'>ceuse</span> 
     </span>
     <span class='ocr_line' id='line_1_6' title="bbox 270 1033 1910 1125; baseline -0.001 -19"><span class='ocrx_word' id='word_1_61' title='bbox 270 1047 362 1108; x_wconf 90' lang='lat' dir='ltr'>huius</span> <span class='ocrx_word' id='word_1_62' title='bbox 383 1045 431 1106; x_wconf 88' lang='lat' dir='ltr'>rei</span> <span class='ocrx_word' id='word_1_63' title='bbox 453 1044 501 1104; x_wconf 90' lang='lat' dir='ltr'>eis</span> <span class='ocrx_word' id='word_1_64' title='bbox 519 1045 717 1120; x_wconf 78' lang='lat' dir='ltr'>continetur,</span> <span class='ocrx_word' id='word_1_65' title='bbox 737 1063 795 1124; x_wconf 85' lang='lat' dir='ltr'>pro</span> <span class='ocrx_word' id='word_1_66' title='bbox 817 1033 860 1106; x_wconf 73' lang='grc' dir='ltr'>ἔτι</span> <span class='ocrx_word' id='word_1_67' title='bbox 882 1061 953 1102; x_wconf 87' lang='grc' dir='ltr'>οιιιο</span> <span class='ocrx_word' id='word_1_68' title='bbox 975 1042 1228 1104; x_wconf 89' lang='lat' dir='ltr'>Buechelero</span> <span class='ocrx_word' id='word_1_69' title='bbox 1251 1043 1452 1104; x_wconf 86' lang='lat' dir='ltr'>scribendum</span> <span class='ocrx_word' id='word_1_70' title='bbox 1474 1062 1545 1106; x_wconf 89' lang='lat' dir='ltr'>esse</span> <span class='ocrx_word' id='word_1_71' title='bbox 1567 1039 1648 1107; x_wconf 74' lang='lat' dir='ltr'>insi</span> <span class='ocrx_word' id='word_1_72' title='bbox 1670 1045 1746 1105; x_wconf 87' lang='lat' dir='ltr'>setis</span> <span class='ocrx_word' id='word_1_73' title='bbox 1768 1051 1910 1125; x_wconf 89' lang='lat' dir='ltr'>epperet.</span> 
     </span>
     <span class='ocr_line' id='line_1_7' title="bbox 436 1157 2037 1243; baseline 0.001 -19"><span class='ocrx_word' id='word_1_74' title='bbox 436 1161 605 1224; x_wconf 75' lang='lat' dir='ltr'>Nonnullis</span> <span class='ocrx_word' id='word_1_75' title='bbox 634 1163 704 1224; x_wconf 89' lang='lat' dir='ltr'>eliis</span> <span class='ocrx_word' id='word_1_76' title='bbox 731 1161 926 1243; x_wconf 70' lang='lat' dir='ltr'>argumentis</span> <span class='ocrx_word' id='word_1_77' title='bbox 957 1161 1154 1240; x_wconf 75' lang='lat' dir='ltr'>interpositis</span> <span class='ocrx_word' id='word_1_78' title='bbox 1177 1157 1294 1234; x_wconf 68' lang='lat'>12620,</span> <span class='ocrx_word' id='word_1_79' title='bbox 1321 1158 1471 1238; x_wconf 58' lang='lat' dir='ltr'>tat-tu,</span> <span class='ocrx_word' id='word_1_80' title='bbox 1504 1163 1537 1222; x_wconf 88' lang='lat' dir='ltr'>in</span> <span class='ocrx_word' id='word_1_81' title='bbox 1567 1165 1672 1243; x_wconf 88' lang='lat' dir='ltr'>cepite</span> <span class='ocrx_word' id='word_1_82' title='bbox 1704 1172 1843 1243; x_wconf 90' lang='lat' dir='ltr'>querto</span> <span class='ocrx_word' id='word_1_83' title='bbox 1868 1164 1974 1228; x_wconf 90' lang='lat' dir='ltr'>denuo</span> <span class='ocrx_word' id='word_1_84' title='bbox 1997 1166 2037 1225; x_wconf 89' lang='lat' dir='ltr'>ed</span> 
     </span>
     <span class='ocr_line' id='line_1_8' title="bbox 270 1279 2033 1364; baseline 0.001 -21"><span class='ocrx_word' id='word_1_85' title='bbox 270 1283 405 1364; x_wconf 91' lang='lat' dir='ltr'>primum</span> <span class='ocrx_word' id='word_1_86' title='bbox 424 1282 505 1343; x_wconf 90' lang='lat' dir='ltr'>illud</span> <span class='ocrx_word' id='word_1_87' title='bbox 526 1290 559 1343; x_wconf 88' lang='lat' dir='ltr'>et</span> <span class='ocrx_word' id='word_1_88' title='bbox 580 1282 796 1362; x_wconf 76' lang='lat' dir='ltr'>grerissimum</span> <span class='ocrx_word' id='word_1_89' title='bbox 819 1281 864 1341; x_wconf 88' lang='lat' dir='ltr'>ite</span> <span class='ocrx_word' id='word_1_90' title='bbox 884 1281 969 1342; x_wconf 89' lang='lat' dir='ltr'>redit</span> <span class='ocrx_word' id='word_1_91' title='bbox 989 1279 1188 1354; x_wconf 85' lang='lat' dir='ltr'>Aristoteles,</span> <span class='ocrx_word' id='word_1_92' title='bbox 1212 1289 1246 1342; x_wconf 91' lang='lat' dir='ltr'>ut</span> <span class='ocrx_word' id='word_1_93' title='bbox 1266 1281 1391 1342; x_wconf 85' lang='lat' dir='ltr'>euxiliis</span> <span class='ocrx_word' id='word_1_94' title='bbox 1412 1288 1533 1343; x_wconf 75' lang='lat' dir='ltr'>tentum</span> <span class='ocrx_word' id='word_1_95' title='bbox 1553 1283 1765 1362; x_wconf 78' lang='lat' dir='ltr'>subsidiisque</span> <span class='ocrx_word' id='word_1_96' title='bbox 1785 1302 1857 1344; x_wconf 90' lang='lat' dir='ltr'>eum</span> <span class='ocrx_word' id='word_1_97' title='bbox 1877 1281 1928 1344; x_wconf 91' lang='lat' dir='ltr'>his</span> <span class='ocrx_word' id='word_1_98' title='bbox 1943 1302 2033 1345; x_wconf 87' lang='lat' dir='ltr'>usum</span> 
     </span>
     <span class='ocr_line' id='line_1_9' title="bbox 269 1393 2035 1486; baseline 0.002 -23"><span class='ocrx_word' id='word_1_99' title='bbox 269 1419 339 1464; x_wconf 87' lang='lat' dir='ltr'>esse</span> <span class='ocrx_word' id='word_1_100' title='bbox 367 1406 474 1481; x_wconf 78' lang='lat' dir='ltr'>petent</span> <span class='ocrx_word' id='word_1_101' title='bbox 505 1399 624 1482; x_wconf 90' lang='lat' dir='ltr'>illoque</span> <span class='ocrx_word' id='word_1_102' title='bbox 647 1399 875 1480; x_wconf 76' lang='lat' dir='ltr'>quodammodo</span> <span class='ocrx_word' id='word_1_103' title='bbox 897 1399 986 1479; x_wconf 83' lang='lat' dir='ltr'>qussi</span> <span class='ocrx_word' id='word_1_104' title='bbox 1014 1400 1062 1460; x_wconf 89' lang='lat' dir='ltr'>rei</span> <span class='ocrx_word' id='word_1_105' title='bbox 1088 1399 1219 1460; x_wconf 87' lang='lat' dir='ltr'>cordine</span> <span class='ocrx_word' id='word_1_106' title='bbox 1241 1419 1278 1460; x_wconf 94' lang='lat' dir='ltr'>ee</span> <span class='ocrx_word' id='word_1_107' title='bbox 1300 1403 1405 1462; x_wconf 90' lang='lat' dir='ltr'>omnio</span> <span class='ocrx_word' id='word_1_108' title='bbox 1432 1419 1494 1461; x_wconf 87' lang='lat' dir='ltr'>une</span> <span class='ocrx_word' id='word_1_109' title='bbox 1515 1402 1758 1482; x_wconf 81' lang='lat' dir='ltr'>comprehendi,</span> <span class='ocrx_word' id='word_1_110' title='bbox 1786 1393 1869 1476; x_wconf 70' lang='grc' dir='ltr'>ὅλως</span> <span class='ocrx_word' id='word_1_111' title='bbox 1895 1395 1930 1468; x_wconf 74' lang='lat' dir='ltr'>di</span> <span class='ocrx_word' id='word_1_112' title='bbox 1950 1425 2035 1486; x_wconf 85' lang='grc' dir='ltr'>αυμ·</span> 
     </span>
     <span class='ocr_line' id='line_1_10' title="bbox 271 1513 2036 1604; baseline -0.002 -20"><span class='ocrx_word' id='word_1_113' title='bbox 271 1516 394 1604; x_wconf 79' lang='grc' dir='ltr'>βαίνειν</span> <span class='ocrx_word' id='word_1_114' title='bbox 423 1514 558 1602; x_wconf 77' lang='grc' dir='ltr'>ἀνάγκη</span> <span class='ocrx_word' id='word_1_115' title='bbox 580 1563 588 1579; x_wconf 84' lang='lat'><strong>·</strong></span> <span class='ocrx_word' id='word_1_116' title='bbox 610 1562 618 1581; x_wconf 85' lang='lat'><strong>·</strong></span> <span class='ocrx_word' id='word_1_117' title='bbox 642 1561 651 1580; x_wconf 83' lang='lat'><strong>·</strong></span> <span class='ocrx_word' id='word_1_118' title='bbox 675 1515 925 1603; x_wconf 70' lang='grc' dir='ltr'>πολιτευομένοις</span> <span class='ocrx_word' id='word_1_119' title='bbox 952 1513 1065 1592; x_wconf 59' lang='lat' dir='ltr'>ltbtt</span> <span class='ocrx_word' id='word_1_120' title='bbox 1093 1515 1271 1594; x_wconf 64' lang='lat'>3-2422).</span> <span class='ocrx_word' id='word_1_121' title='bbox 1323 1520 1536 1582; x_wconf 86' lang='lat' dir='ltr'>Nihilominus</span> <span class='ocrx_word' id='word_1_122' title='bbox 1566 1526 1669 1582; x_wconf 90' lang='lat' dir='ltr'>temen</span> <span class='ocrx_word' id='word_1_123' title='bbox 1704 1520 1784 1581; x_wconf 90' lang='lat' dir='ltr'>illud</span> <span class='ocrx_word' id='word_1_124' title='bbox 1811 1521 1914 1601; x_wconf 86' lang='lat' dir='ltr'>ipsum</span> <span class='ocrx_word' id='word_1_125' title='bbox 1942 1521 2036 1583; x_wconf 87' lang='lat' dir='ltr'>simul</span> 
     </span>
     <span class='ocr_line' id='line_1_11' title="bbox 271 1637 2034 1717; baseline -0.001 -15"><span class='ocrx_word' id='word_1_126' title='bbox 271 1641 371 1714; x_wconf 89' lang='lat' dir='ltr'>nouit,</span> <span class='ocrx_word' id='word_1_127' title='bbox 394 1657 459 1701; x_wconf 90' lang='lat' dir='ltr'>non</span> <span class='ocrx_word' id='word_1_128' title='bbox 480 1637 573 1698; x_wconf 92' lang='lat' dir='ltr'>modo</span> <span class='ocrx_word' id='word_1_129' title='bbox 595 1657 676 1714; x_wconf 88' lang='lat' dir='ltr'>nou,</span> <span class='ocrx_word' id='word_1_130' title='bbox 701 1639 735 1698; x_wconf 94' lang='lat' dir='ltr'>id</span> <span class='ocrx_word' id='word_1_131' title='bbox 757 1637 838 1717; x_wconf 90' lang='lat' dir='ltr'>quod</span> <span class='ocrx_word' id='word_1_132' title='bbox 861 1639 962 1699; x_wconf 89' lang='lat' dir='ltr'>solum</span> <span class='ocrx_word' id='word_1_133' title='bbox 985 1643 1078 1698; x_wconf 89' lang='lat' dir='ltr'>entee</span> <span class='ocrx_word' id='word_1_134' title='bbox 1100 1646 1167 1699; x_wconf 90' lang='lat' dir='ltr'>eret</span> <span class='ocrx_word' id='word_1_135' title='bbox 1188 1640 1453 1712; x_wconf 75' lang='lat' dir='ltr'>demonstratum,</span> <span class='ocrx_word' id='word_1_136' title='bbox 1478 1639 1694 1712; x_wconf 91' lang='lat' dir='ltr'>concordiem,</span> <span class='ocrx_word' id='word_1_137' title='bbox 1720 1639 1847 1702; x_wconf 84' lang='lat' dir='ltr'>sedvel</span> <span class='ocrx_word' id='word_1_138' title='bbox 1871 1641 2034 1704; x_wconf 83' lang='lat' dir='ltr'>meximern</span> 
     </span>
    </p>
   </div>
   <div class='ocr_carea' id='block_1_3' title="bbox 272 1757 2035 2083">
    <p class='ocr_par' dir='ltr' id='par_1_3' title="bbox 272 1757 2035 2083">
     <span class='ocr_line' id='line_1_12' title="bbox 272 1757 2035 1839; baseline 0.001 -19"><span class='ocrx_word' id='word_1_139' title='bbox 272 1758 461 1820; x_wconf 80' lang='lat' dir='ltr'>discordium</span> <span class='ocrx_word' id='word_1_140' title='bbox 489 1758 574 1818; x_wconf 84' lang='lat' dir='ltr'>inter</span> <span class='ocrx_word' id='word_1_141' title='bbox 600 1758 683 1818; x_wconf 85' lang='lat' dir='ltr'>cives</span> <span class='ocrx_word' id='word_1_142' title='bbox 711 1758 877 1818; x_wconf 86' lang='lat' dir='ltr'>mulierum</span> <span class='ocrx_word' id='word_1_143' title='bbox 905 1757 1139 1836; x_wconf 86' lang='lat' dir='ltr'>liberorumque</span> <span class='ocrx_word' id='word_1_144' title='bbox 1163 1760 1381 1821; x_wconf 89' lang='lat' dir='ltr'>communione</span> <span class='ocrx_word' id='word_1_145' title='bbox 1403 1765 1544 1839; x_wconf 85' lang='lat' dir='ltr'>peretum</span> <span class='ocrx_word' id='word_1_146' title='bbox 1567 1759 1607 1819; x_wconf 88' lang='lat' dir='ltr'>iri</span> <span class='ocrx_word' id='word_1_147' title='bbox 1628 1758 1812 1820; x_wconf 85' lang='lat' dir='ltr'>ostendens:</span> <span class='ocrx_word' id='word_1_148' title='bbox 1855 1760 1942 1837; x_wconf 79' lang='lat' dir='ltr'>Quee</span> <span class='ocrx_word' id='word_1_149' title='bbox 1963 1777 2035 1821; x_wconf 89' lang='lat' dir='ltr'>cum</span> 
     </span>
     <span class='ocr_line' id='line_1_13' title="bbox 272 1869 2035 1970; baseline 0.001 -30"><span class='ocrx_word' id='word_1_150' title='bbox 272 1879 318 1942; x_wconf 85' lang='lat' dir='ltr'>ite</span> <span class='ocrx_word' id='word_1_151' title='bbox 339 1878 416 1950; x_wconf 80' lang='lat' dir='ltr'>sint,</span> <span class='ocrx_word' id='word_1_152' title='bbox 438 1877 533 1938; x_wconf 85' lang='lat' dir='ltr'>verbe</span> <span class='ocrx_word' id='word_1_153' title='bbox 553 1895 631 1955; x_wconf 85' lang='lat' dir='ltr'>quoe</span> <span class='ocrx_word' id='word_1_154' title='bbox 653 1875 735 1936; x_wconf 88' lang='lat' dir='ltr'>hene</span> <span class='ocrx_word' id='word_1_155' title='bbox 757 1872 1271 1968; x_wconf 35' lang='lat' dir='ltr'>er&#39;gumentetiouem·enteceduut</span> <span class='ocrx_word' id='word_1_156' title='bbox 1292 1869 1374 1942; x_wconf 72' lang='grc' dir='ltr'>ἔοικε</span> <span class='ocrx_word' id='word_1_157' title='bbox 1395 1871 1429 1942; x_wconf 80' lang='lat' dir='ltr'>dl</span> <span class='ocrx_word' id='word_1_158' title='bbox 1449 1875 1575 1960; x_wconf 75' lang='grc' dir='ltr'>μᾶλλον</span> <span class='ocrx_word' id='word_1_159' title='bbox 1593 1882 1658 1953; x_wconf 78' lang='grc' dir='ltr'>τοῖς</span> <span class='ocrx_word' id='word_1_160' title='bbox 1677 1881 1834 1970; x_wconf 73' lang='grc' dir='ltr'>γεωργοῖς</span> <span class='ocrx_word' id='word_1_161' title='bbox 1853 1869 1934 1943; x_wconf 75' lang='grc' dir='ltr'>εἶναι</span> <span class='ocrx_word' id='word_1_162' title='bbox 1955 1876 2035 1962; x_wconf 78' lang='grc' dir='ltr'>χρή·</span> 
     </span>
     <span class='ocr_line' id='line_1_14' title="bbox 274 1983 2028 2083; baseline 0 -21"><span class='ocrx_word' id='word_1_163' title='bbox 274 2019 373 2080; x_wconf 86' lang='grc' dir='ltr'>αιμον</span> <span class='ocrx_word' id='word_1_164' title='bbox 398 1990 432 2060; x_wconf 77' lang='grc' dir='ltr'>τὸ</span> <span class='ocrx_word' id='word_1_165' title='bbox 460 1988 572 2068; x_wconf 74' lang='grc' dir='ltr'>κοινὰς</span> <span class='ocrx_word' id='word_1_166' title='bbox 600 1983 681 2059; x_wconf 71' lang='grc' dir='ltr'>εἶναι</span> <span class='ocrx_word' id='word_1_167' title='bbox 710 1991 768 2070; x_wconf 78' lang='grc' dir='ltr'>τὰς</span> <span class='ocrx_word' id='word_1_168' title='bbox 795 1999 960 2081; x_wconf 73' lang='grc' dir='ltr'>γυναῖκας</span> <span class='ocrx_word' id='word_1_169' title='bbox 988 1989 1045 2060; x_wconf 74' lang='grc' dir='ltr'>καί</span> <span class='ocrx_word' id='word_1_170' title='bbox 1075 1991 1149 2071; x_wconf 77' lang='grc' dir='ltr'>τοὺς</span> <span class='ocrx_word' id='word_1_171' title='bbox 1173 1986 1330 2075; x_wconf 61' lang='lat' dir='ltr'>raideri}</span> <span class='ocrx_word' id='word_1_172' title='bbox 1358 1999 1422 2071; x_wconf 75' lang='grc' dir='ltr'>τοῖς</span> <span class='ocrx_word' id='word_1_173' title='bbox 1442 1991 1598 2078; x_wconf 74' lang='grc' dir='ltr'>φύλαξιν·</span> <span class='ocrx_word' id='word_1_174' title='bbox 1621 1985 1714 2076; x_wconf 76' lang='grc' dir='ltr'>ἧττον</span> <span class='ocrx_word' id='word_1_175' title='bbox 1735 1993 1802 2083; x_wconf 77' lang='grc' dir='ltr'>γὰρ</span> <span class='ocrx_word' id='word_1_176' title='bbox 1824 1988 1915 2062; x_wconf 69' lang='grc' dir='ltr'>ἔσται</span> <span class='ocrx_word' id='word_1_177' title='bbox 1937 1995 2028 2080; x_wconf 80' lang='grc' dir='ltr'>φιλία</span> 
     </span>
    </p>
   </div>
   <div class='ocr_carea' id='block_1_4' title="bbox 247 2105 2033 4702">
    <p class='ocr_par' dir='ltr' id='par_1_4' title="bbox 272 2105 2033 3159">
     <span class='ocr_line' id='line_1_15' title="bbox 272 2105 2028 2200; baseline -0.003 -16"><span class='ocrx_word' id='word_1_178' title='bbox 272 2115 391 2185; x_wconf 78' lang='grc' dir='ltr'>τιοινῶν</span> <span class='ocrx_word' id='word_1_179' title='bbox 416 2105 519 2178; x_wconf 70' lang='grc' dir='ltr'>ὄντων</span> <span class='ocrx_word' id='word_1_180' title='bbox 546 2112 609 2178; x_wconf 78' lang='grc' dir='ltr'>τῶν</span> <span class='ocrx_word' id='word_1_181' title='bbox 640 2110 762 2179; x_wconf 79' lang='grc' dir='ltr'>τίκνων</span> <span class='ocrx_word' id='word_1_182' title='bbox 782 2107 839 2178; x_wconf 76' lang='grc' dir='ltr'>καί</span> <span class='ocrx_word' id='word_1_183' title='bbox 863 2112 925 2178; x_wconf 65' lang='grc' dir='ltr'>τοῖν</span> <span class='ocrx_word' id='word_1_184' title='bbox 946 2114 1133 2199; x_wconf 69' lang='grc' dir='ltr'>γυναικῶν,</span> <span class='ocrx_word' id='word_1_185' title='bbox 1159 2119 1211 2182; x_wconf 81' lang='grc' dir='ltr'>δεῖ</span> <span class='ocrx_word' id='word_1_186' title='bbox 1229 2111 1263 2181; x_wconf 78' lang='lat' dir='ltr'>dl</span> <span class='ocrx_word' id='word_1_187' title='bbox 1284 2111 1445 2191; x_wconf 80' lang='grc' dir='ltr'>τοιούτους</span> <span class='ocrx_word' id='word_1_188' title='bbox 1467 2106 1551 2180; x_wconf 78' lang='grc' dir='ltr'>εἶναι</span> <span class='ocrx_word' id='word_1_189' title='bbox 1573 2112 1647 2192; x_wconf 79' lang='grc' dir='ltr'>τοὺς</span> <span class='ocrx_word' id='word_1_190' title='bbox 1667 2112 1874 2200; x_wconf 80' lang='grc' dir='ltr'>ἆρχομίνους</span> <span class='ocrx_word' id='word_1_191' title='bbox 1894 2110 1971 2199; x_wconf 74' lang='grc' dir='ltr'>πρὸς</span> <span class='ocrx_word' id='word_1_192' title='bbox 1993 2109 2028 2178; x_wconf 76' lang='grc' dir='ltr'>τὸ</span> 
     </span>
     <span class='ocr_line' id='line_1_16' title="bbox 272 2227 2031 2318; baseline -0.002 -18"><span class='ocrx_word' id='word_1_193' title='bbox 272 2237 460 2318; x_wconf 74' lang='grc' dir='ltr'>εειθαρχεῖν</span> <span class='ocrx_word' id='word_1_194' title='bbox 480 2227 538 2296; x_wconf 73' lang='grc' dir='ltr'>καί</span> <span class='ocrx_word' id='word_1_195' title='bbox 559 2229 603 2317; x_wconf 80' lang='grc' dir='ltr'>μὴ</span> <span class='ocrx_word' id='word_1_196' title='bbox 626 2230 825 2316; x_wconf 87' lang='grc' dir='ltr'>νεωτερίζειν,</span> <span class='ocrx_word' id='word_1_197' title='bbox 849 2231 967 2310; x_wconf 66' lang='lat'>1262«,</span> <span class='ocrx_word' id='word_1_198' title='bbox 987 2233 1030 2297; x_wconf 83' lang='lat'>40</span> <span class='ocrx_word' id='word_1_199' title='bbox 1043 2232 1117 2313; x_wconf 57' lang='grc' dir='ltr'>-δ,</span> <span class='ocrx_word' id='word_1_200' title='bbox 1139 2234 1171 2313; x_wconf 87' lang='grc'>3,</span> <span class='ocrx_word' id='word_1_201' title='bbox 1193 2235 1310 2315; x_wconf 88' lang='lat' dir='ltr'>quippe</span> <span class='ocrx_word' id='word_1_202' title='bbox 1332 2234 1444 2312; x_wconf 89' lang='lat' dir='ltr'>quibus</span> <span class='ocrx_word' id='word_1_203' title='bbox 1468 2234 1657 2310; x_wconf 75' lang='lat' dir='ltr'>declaretur,</span> <span class='ocrx_word' id='word_1_204' title='bbox 1679 2235 1761 2296; x_wconf 92' lang='lat' dir='ltr'>henc</span> <span class='ocrx_word' id='word_1_205' title='bbox 1781 2235 2031 2296; x_wconf 88' lang='lat' dir='ltr'>communionem</span> 
     </span>
     <span class='ocr_line' id='line_1_17' title="bbox 273 2350 2033 2437; baseline -0.002 -19"><span class='ocrx_word' id='word_1_206' title='bbox 273 2361 385 2436; x_wconf 88' lang='lat' dir='ltr'>utpote</span> <span class='ocrx_word' id='word_1_207' title='bbox 407 2350 584 2414; x_wconf 87' lang='lat' dir='ltr'>discordloc</span> <span class='ocrx_word' id='word_1_208' title='bbox 606 2357 737 2412; x_wconf 89' lang='lat' dir='ltr'>metrem</span> <span class='ocrx_word' id='word_1_209' title='bbox 760 2353 917 2433; x_wconf 83' lang='lat' dir='ltr'>utiliorem</span> <span class='ocrx_word' id='word_1_210' title='bbox 940 2356 1027 2432; x_wconf 86' lang='lat' dir='ltr'>iore,</span> <span class='ocrx_word' id='word_1_211' title='bbox 1055 2358 1083 2417; x_wconf 88' lang='lat' dir='ltr'>si</span> <span class='ocrx_word' id='word_1_212' title='bbox 1105 2355 1251 2437; x_wconf 79' lang='lat' dir='ltr'>agricolis</span> <span class='ocrx_word' id='word_1_213' title='bbox 1271 2360 1356 2414; x_wconf 87' lang='lat' dir='ltr'>esset</span> <span class='ocrx_word' id='word_1_214' title='bbox 1374 2359 1408 2414; x_wconf 88' lang='lat' dir='ltr'>et</span> <span class='ocrx_word' id='word_1_215' title='bbox 1429 2353 1609 2433; x_wconf 90' lang='lat' dir='ltr'>opilicibus,</span> <span class='ocrx_word' id='word_1_216' title='bbox 1642 2359 1677 2414; x_wconf 90' lang='lat' dir='ltr'>ut</span> <span class='ocrx_word' id='word_1_217' title='bbox 1698 2353 1855 2415; x_wconf 88' lang='lat' dir='ltr'>discordie</span> <span class='ocrx_word' id='word_1_218' title='bbox 1875 2353 2033 2415; x_wconf 91' lang='lat' dir='ltr'>debiliteti</span> 
     </span>
     <span class='ocr_line' id='line_1_18' title="bbox 273 2468 2032 2556; baseline 0.001 -22"><span class='ocrx_word' id='word_1_219' title='bbox 273 2477 371 2555; x_wconf 70' lang='lat' dir='ltr'>magle</span> <span class='ocrx_word' id='word_1_220' title='bbox 391 2478 522 2553; x_wconf 79' lang='lat' dir='ltr'>pereunt</span> <span class='ocrx_word' id='word_1_221' title='bbox 542 2470 661 2531; x_wconf 87' lang='lat' dir='ltr'>civibus</span> <span class='ocrx_word' id='word_1_222' title='bbox 683 2474 811 2551; x_wconf 89' lang='lat' dir='ltr'>proprio</span> <span class='ocrx_word' id='word_1_223' title='bbox 833 2474 961 2536; x_wconf 89' lang='lat' dir='ltr'>nomine</span> <span class='ocrx_word' id='word_1_224' title='bbox 984 2476 1191 2556; x_wconf 87' lang='lat' dir='ltr'>eppellendis,</span> <span class='ocrx_word' id='word_1_225' title='bbox 1209 2469 1243 2541; x_wconf 80' lang='lat' dir='ltr'>di</span> <span class='ocrx_word' id='word_1_226' title='bbox 1264 2471 1417 2555; x_wconf 82' lang='lat' dir='ltr'>particule</span> <span class='ocrx_word' id='word_1_227' title='bbox 1433 2473 1467 2533; x_wconf 90' lang='lat' dir='ltr'>in</span> <span class='ocrx_word' id='word_1_228' title='bbox 1488 2468 1527 2554; x_wconf 80' lang='grc' dir='ltr'>δὴ</span> <span class='ocrx_word' id='word_1_229' title='bbox 1543 2479 1660 2534; x_wconf 86' lang='lat' dir='ltr'>mutete</span> <span class='ocrx_word' id='word_1_230' title='bbox 1675 2474 1764 2552; x_wconf 89' lang='lat' dir='ltr'>sequi</span> <span class='ocrx_word' id='word_1_231' title='bbox 1781 2474 1885 2554; x_wconf 92' lang='lat' dir='ltr'>potius</span> <span class='ocrx_word' id='word_1_232' title='bbox 1900 2491 2032 2535; x_wconf 85' lang='lat' dir='ltr'>necesse</span> 
     </span>
     <span class='ocr_line' id='line_1_19' title="bbox 275 2585 2031 2676; baseline -0.003 -16"><span class='ocrx_word' id='word_1_233' title='bbox 275 2603 340 2672; x_wconf 87' lang='lat' dir='ltr'>est,</span> <span class='ocrx_word' id='word_1_234' title='bbox 369 2589 554 2676; x_wconf 86' lang='lat' dir='ltr'>preesertim</span> <span class='ocrx_word' id='word_1_235' title='bbox 583 2609 653 2650; x_wconf 92' lang='lat' dir='ltr'>cum</span> <span class='ocrx_word' id='word_1_236' title='bbox 676 2593 871 2653; x_wconf 76' lang='lat' dir='ltr'>enuntiatum</span> <span class='ocrx_word' id='word_1_237' title='bbox 894 2585 977 2668; x_wconf 77' lang='grc' dir='ltr'>ὅλως</span> <span class='ocrx_word' id='word_1_238' title='bbox 998 2589 1033 2660; x_wconf 69' lang='grc' dir='ltr'>δὲ</span> <span class='ocrx_word' id='word_1_239' title='bbox 1053 2621 1086 2660; x_wconf 80' lang='grc' dir='ltr'>τι.</span> <span class='ocrx_word' id='word_1_240' title='bbox 1101 2618 1128 2660; x_wconf 83' lang='lat' dir='ltr'>r.</span> <span class='ocrx_word' id='word_1_241' title='bbox 1140 2601 1170 2660; x_wconf 85' lang='grc' dir='ltr'>λ.</span> <span class='ocrx_word' id='word_1_242' title='bbox 1193 2613 1229 2655; x_wconf 89' lang='lat' dir='ltr'>ee</span> <span class='ocrx_word' id='word_1_243' title='bbox 1252 2599 1370 2655; x_wconf 91' lang='lat' dir='ltr'>tentum</span> <span class='ocrx_word' id='word_1_244' title='bbox 1393 2593 1425 2652; x_wconf 89' lang='lat' dir='ltr'>in</span> <span class='ocrx_word' id='word_1_245' title='bbox 1449 2611 1545 2654; x_wconf 88' lang='lat' dir='ltr'>unum</span> <span class='ocrx_word' id='word_1_246' title='bbox 1568 2593 1655 2672; x_wconf 82' lang='lat' dir='ltr'>qussi</span> <span class='ocrx_word' id='word_1_247' title='bbox 1679 2585 1923 2672; x_wconf 80' lang='lat' dir='ltr'>complectetur,</span> <span class='ocrx_word' id='word_1_248' title='bbox 1952 2611 2031 2672; x_wconf 81' lang='lat' dir='ltr'>quse</span> 
     </span>
     <span class='ocr_line' id='line_1_20' title="bbox 275 2709 2030 2795; baseline -0.005 -15"><span class='ocrx_word' id='word_1_249' title='bbox 275 2717 394 2780; x_wconf 78' lang='lat' dir='ltr'>civibus</span> <span class='ocrx_word' id='word_1_250' title='bbox 416 2709 526 2792; x_wconf 90' lang='lat' dir='ltr'>optimi</span> <span class='ocrx_word' id='word_1_251' title='bbox 547 2709 626 2770; x_wconf 88' lang='lat' dir='ltr'>iuris</span> <span class='ocrx_word' id='word_1_252' title='bbox 647 2729 685 2770; x_wconf 82' lang='lat' dir='ltr'>ex</span> <span class='ocrx_word' id='word_1_253' title='bbox 705 2709 762 2769; x_wconf 88' lang='lat' dir='ltr'>ille</span> <span class='ocrx_word' id='word_1_254' title='bbox 782 2713 1002 2776; x_wconf 86' lang='lat' dir='ltr'>communione</span> <span class='ocrx_word' id='word_1_255' title='bbox 1023 2715 1220 2795; x_wconf 84' lang='lat' dir='ltr'>provenient,</span> <span class='ocrx_word' id='word_1_256' title='bbox 1243 2731 1306 2773; x_wconf 90' lang='lat' dir='ltr'>non</span> <span class='ocrx_word' id='word_1_257' title='bbox 1329 2729 1407 2790; x_wconf 86' lang='lat' dir='ltr'>quoe</span> <span class='ocrx_word' id='word_1_258' title='bbox 1431 2710 1471 2772; x_wconf 91' lang='lat' dir='ltr'>de</span> <span class='ocrx_word' id='word_1_259' title='bbox 1494 2711 1588 2791; x_wconf 87' lang='lat' dir='ltr'>plebe</span> <span class='ocrx_word' id='word_1_260' title='bbox 1614 2712 1794 2772; x_wconf 86' lang='lat' dir='ltr'>homiuibus</span> <span class='ocrx_word' id='word_1_261' title='bbox 1816 2711 2030 2793; x_wconf 85' lang='lat' dir='ltr'>provenirent,</span> 
     </span>
     <span class='ocr_line' id='line_1_21' title="bbox 274 2827 2030 2916; baseline -0.002 -20"><span class='ocrx_word' id='word_1_262' title='bbox 274 2841 301 2900; x_wconf 82' lang='lat' dir='ltr'>si</span> <span class='ocrx_word' id='word_1_263' title='bbox 325 2833 410 2916; x_wconf 83' lang='lat' dir='ltr'>opud</span> <span class='ocrx_word' id='word_1_264' title='bbox 436 2831 495 2892; x_wconf 93' lang='lat' dir='ltr'>hos</span> <span class='ocrx_word' id='word_1_265' title='bbox 522 2847 590 2890; x_wconf 87' lang='lat' dir='ltr'>eom</span> <span class='ocrx_word' id='word_1_266' title='bbox 614 2829 782 2890; x_wconf 89' lang='lat' dir='ltr'>instituere</span> <span class='ocrx_word' id='word_1_267' title='bbox 805 2830 967 2892; x_wconf 81' lang='lat' dir='ltr'>maluisset</span> <span class='ocrx_word' id='word_1_268' title='bbox 988 2833 1088 2895; x_wconf 87' lang='lat' dir='ltr'>Ploto.</span> <span class='ocrx_word' id='word_1_269' title='bbox 1132 2833 1255 2894; x_wconf 85' lang='lat' dir='ltr'>Pertem</span> <span class='ocrx_word' id='word_1_270' title='bbox 1278 2832 1344 2892; x_wconf 88' lang='lat' dir='ltr'>veri</span> <span class='ocrx_word' id='word_1_271' title='bbox 1365 2831 1427 2891; x_wconf 89' lang='lat' dir='ltr'>iem</span> <span class='ocrx_word' id='word_1_272' title='bbox 1448 2830 1528 2891; x_wconf 80' lang='lat' dir='ltr'>vidit</span> <span class='ocrx_word' id='word_1_273' title='bbox 1550 2827 1822 2915; x_wconf 63' lang='lat' dir='ltr'>Thurotus22),</span> <span class='ocrx_word' id='word_1_274' title='bbox 1851 2850 1944 2911; x_wconf 89' lang='lat' dir='ltr'>quem</span> <span class='ocrx_word' id='word_1_275' title='bbox 1966 2848 2030 2892; x_wconf 90' lang='lat' dir='ltr'>non</span> 
     </span>
     <span class='ocr_line' id='line_1_22' title="bbox 275 2943 2033 3034; baseline -0.006 -12"><span class='ocrx_word' id='word_1_276' title='bbox 275 2953 425 3022; x_wconf 81' lang='lat' dir='ltr'>retuterit</span> <span class='ocrx_word' id='word_1_277' title='bbox 450 2944 746 3030; x_wconf 78' lang='lat' dir='ltr'>boeclerus²⁴),</span> <span class='ocrx_word' id='word_1_278' title='bbox 784 2948 867 3027; x_wconf 92' lang='lat' dir='ltr'>quod</span> <span class='ocrx_word' id='word_1_279' title='bbox 896 2958 997 3013; x_wconf 89' lang='lat' dir='ltr'>temen</span> <span class='ocrx_word' id='word_1_280' title='bbox 1025 2954 1120 3014; x_wconf 88' lang='lat' dir='ltr'>rerbe</span> <span class='ocrx_word' id='word_1_281' title='bbox 1146 2953 1201 3013; x_wconf 89' lang='lat' dir='ltr'>ille</span> <span class='ocrx_word' id='word_1_282' title='bbox 1229 2943 1312 3016; x_wconf 76' lang='grc' dir='ltr'>ἔοικε</span> <span class='ocrx_word' id='word_1_283' title='bbox 1341 2943 1375 3015; x_wconf 63' lang='grc' dir='ltr'>δὲ</span> <span class='ocrx_word' id='word_1_284' title='bbox 1403 2949 1530 3033; x_wconf 71' lang='grc' dir='ltr'>μᾶλλον</span> <span class='ocrx_word' id='word_1_285' title='bbox 1558 2995 1627 3013; x_wconf 88' lang='grc'>...</span> <span class='ocrx_word' id='word_1_286' title='bbox 1655 2947 1848 3034; x_wconf 70' lang='grc' dir='ltr'>νεωτερίζειν</span> <span class='ocrx_word' id='word_1_287' title='bbox 1874 2952 1906 3012; x_wconf 91' lang='lat' dir='ltr'>in</span> <span class='ocrx_word' id='word_1_288' title='bbox 1937 2958 2033 3031; x_wconf 89' lang='lat' dir='ltr'>ceput</span> 
     </span>
     <span class='ocr_line' id='line_1_23' title="bbox 277 3063 2031 3159; baseline -0.006 -20"><span class='ocrx_word' id='word_1_289' title='bbox 277 3079 420 3159; x_wconf 87' lang='lat' dir='ltr'>quintum</span> <span class='ocrx_word' id='word_1_290' title='bbox 441 3073 513 3149; x_wconf 90' lang='lat' dir='ltr'>post</span> <span class='ocrx_word' id='word_1_291' title='bbox 533 3063 706 3132; x_wconf 74' lang='grc' dir='ltr'>κοινωνίαν</span> <span class='ocrx_word' id='word_1_292' title='bbox 729 3063 844 3140; x_wconf 68' lang='grc' dir='ltr'>1ἳ64·,</span> <span class='ocrx_word' id='word_1_293' title='bbox 866 3065 909 3129; x_wconf 83' lang='lat'>40</span> <span class='ocrx_word' id='word_1_294' title='bbox 930 3071 1101 3151; x_wconf 78' lang='lat' dir='ltr'>relegendo</span> <span class='ocrx_word' id='word_1_295' title='bbox 1123 3091 1192 3134; x_wconf 87' lang='lat' dir='ltr'>esse</span> <span class='ocrx_word' id='word_1_296' title='bbox 1211 3076 1311 3153; x_wconf 88' lang='lat' dir='ltr'>putet,</span> <span class='ocrx_word' id='word_1_297' title='bbox 1334 3071 1384 3130; x_wconf 83' lang='lat' dir='ltr'>vix</span> <span class='ocrx_word' id='word_1_298' title='bbox 1406 3069 1570 3148; x_wconf 88' lang='lat' dir='ltr'>quiequem</span> <span class='ocrx_word' id='word_1_299' title='bbox 1592 3068 1667 3131; x_wconf 92' lang='lat' dir='ltr'>huic</span> <span class='ocrx_word' id='word_1_300' title='bbox 1690 3071 1870 3132; x_wconf 86' lang='lat' dir='ltr'>senteutiee</span> <span class='ocrx_word' id='word_1_301' title='bbox 1892 3069 2031 3130; x_wconf 87' lang='lat' dir='ltr'>ecoedet.</span> 
     </span>
    </p>

    <p class='ocr_par' dir='ltr' id='par_1_5' title="bbox 247 3177 2032 4702">
     <span class='ocr_line' id='line_1_24' title="bbox 440 3177 2032 3270; baseline 0 -22"><span class='ocrx_word' id='word_1_302' title='bbox 440 3187 489 3248; x_wconf 84' lang='lat' dir='ltr'>Ab</span> <span class='ocrx_word' id='word_1_303' title='bbox 512 3203 640 3246; x_wconf 82' lang='lat' dir='ltr'>uxorum</span> <span class='ocrx_word' id='word_1_304' title='bbox 662 3187 895 3270; x_wconf 84' lang='lat' dir='ltr'>liberorumque</span> <span class='ocrx_word' id='word_1_305' title='bbox 916 3191 956 3251; x_wconf 85' lang='lat' dir='ltr'>ed</span> <span class='ocrx_word' id='word_1_306' title='bbox 974 3191 1127 3252; x_wconf 90' lang='lat' dir='ltr'>bonorum</span> <span class='ocrx_word' id='word_1_307' title='bbox 1143 3177 1394 3252; x_wconf 80' lang='lat' dir='ltr'>communionem</span> <span class='ocrx_word' id='word_1_308' title='bbox 1414 3189 1448 3248; x_wconf 91' lang='lat' dir='ltr'>in</span> <span class='ocrx_word' id='word_1_309' title='bbox 1465 3188 1527 3249; x_wconf 92' lang='lat' dir='ltr'>isto</span> <span class='ocrx_word' id='word_1_310' title='bbox 1542 3189 1645 3269; x_wconf 77' lang='lat' dir='ltr'>cupito</span> <span class='ocrx_word' id='word_1_311' title='bbox 1668 3189 1806 3269; x_wconf 92' lang='lat' dir='ltr'>quinto</span> <span class='ocrx_word' id='word_1_312' title='bbox 1827 3207 1863 3251; x_wconf 92' lang='lat' dir='ltr'>se</span> <span class='ocrx_word' id='word_1_313' title='bbox 1877 3187 2032 3250; x_wconf 80' lang='lat' dir='ltr'>convertit</span> 
     </span>
     <span class='ocr_line' id='line_1_25' title="bbox 276 3299 2030 3394; baseline -0.004 -17"><span class='ocrx_word' id='word_1_314' title='bbox 276 3307 481 3380; x_wconf 78' lang='lat' dir='ltr'>Aristoteles,</span> <span class='ocrx_word' id='word_1_315' title='bbox 512 3323 605 3384; x_wconf 86' lang='lat' dir='ltr'>quern</span> <span class='ocrx_word' id='word_1_316' title='bbox 629 3302 743 3381; x_wconf 70' lang='lat'>12630,</span> <span class='ocrx_word' id='word_1_317' title='bbox 766 3303 810 3368; x_wconf 74' lang='lat'>20</span> <span class='ocrx_word' id='word_1_318' title='bbox 830 3308 862 3369; x_wconf 93' lang='lat' dir='ltr'>in</span> <span class='ocrx_word' id='word_1_319' title='bbox 884 3310 989 3371; x_wconf 83' lang='lat' dir='ltr'>verbis</span> <span class='ocrx_word' id='word_1_320' title='bbox 1010 3307 1267 3394; x_wconf 71' lang='grc' dir='ltr'>προσκρούομεν,</span> <span class='ocrx_word' id='word_1_321' title='bbox 1293 3299 1341 3383; x_wconf 81' lang='grc' dir='ltr'>οἷο</span> <span class='ocrx_word' id='word_1_322' title='bbox 1361 3311 1495 3372; x_wconf 73' lang='grc' dir='ltr'>πλεῖστα</span> <span class='ocrx_word' id='word_1_323' title='bbox 1521 3304 1765 3392; x_wconf 73' lang='grc' dir='ltr'>προσχρώμεθα</span> <span class='ocrx_word' id='word_1_324' title='bbox 1786 3303 1864 3391; x_wconf 75' lang='grc' dir='ltr'>πρὸς</span> <span class='ocrx_word' id='word_1_325' title='bbox 1882 3304 1941 3382; x_wconf 74' lang='grc' dir='ltr'>τὰς</span> <span class='ocrx_word' id='word_1_326' title='bbox 1961 3309 2030 3371; x_wconf 75' lang='grc' dir='ltr'>δια.</span> 
     </span>
     <span class='ocr_line' id='line_1_26' title="bbox 275 3420 2030 3514; baseline 0 -26"><span class='ocrx_word' id='word_1_327' title='bbox 275 3427 389 3505; x_wconf 67' lang='lat' dir='ltr'>„0le</span> <span class='ocrx_word' id='word_1_328' title='bbox 409 3444 473 3488; x_wconf 90' lang='lat' dir='ltr'>non</span> <span class='ocrx_word' id='word_1_329' title='bbox 495 3420 754 3509; x_wconf 80' lang='grc' dir='ltr'>τιροαχροίμιθα,</span> <span class='ocrx_word' id='word_1_330' title='bbox 783 3428 840 3487; x_wconf 90' lang='lat' dir='ltr'>sed</span> <span class='ocrx_word' id='word_1_331' title='bbox 865 3425 1060 3514; x_wconf 74' lang='grc' dir='ltr'>χρώμεθα</span> <span class='ocrx_word' id='word_1_332' title='bbox 1081 3430 1243 3511; x_wconf 89' lang='lat' dir='ltr'>scripsisse</span> <span class='ocrx_word' id='word_1_333' title='bbox 1264 3427 1359 3489; x_wconf 77' lang='lat' dir='ltr'>focile</span> <span class='ocrx_word' id='word_1_334' title='bbox 1381 3427 1545 3489; x_wconf 89' lang='lat' dir='ltr'>credemus</span> <span class='ocrx_word' id='word_1_335' title='bbox 1566 3426 1825 3488; x_wconf 86' lang='lat' dir='ltr'>Buechelero.</span> <span class='ocrx_word' id='word_1_336' title='bbox 1869 3426 1933 3488; x_wconf 90' lang='lat' dir='ltr'>Sed</span> <span class='ocrx_word' id='word_1_337' title='bbox 1955 3445 2030 3506; x_wconf 83' lang='lat' dir='ltr'>gre-</span> 
     </span>
     <span class='ocr_line' id='line_1_27' title="bbox 275 3539 2031 3628; baseline -0.003 -14"><span class='ocrx_word' id='word_1_338' title='bbox 275 3553 362 3614; x_wconf 87' lang='lat' dir='ltr'>riore</span> <span class='ocrx_word' id='word_1_339' title='bbox 388 3543 567 3624; x_wconf 86' lang='lat' dir='ltr'>corruptele</span> <span class='ocrx_word' id='word_1_340' title='bbox 596 3543 730 3606; x_wconf 80' lang='lat' dir='ltr'>effectus</span> <span class='ocrx_word' id='word_1_341' title='bbox 757 3553 808 3606; x_wconf 88' lang='lat' dir='ltr'>est</span> <span class='ocrx_word' id='word_1_342' title='bbox 837 3547 925 3608; x_wconf 88' lang='lat' dir='ltr'>locus</span> <span class='ocrx_word' id='word_1_343' title='bbox 952 3545 1069 3622; x_wconf 64' lang='lat'>126³«,</span> <span class='ocrx_word' id='word_1_344' title='bbox 1095 3544 1232 3612; x_wconf 81' lang='lat'><strong>35-37</strong></span> <span class='ocrx_word' id='word_1_345' title='bbox 1263 3539 1332 3611; x_wconf 81' lang='grc' dir='ltr'>οἷον</span> <span class='ocrx_word' id='word_1_346' title='bbox 1360 3541 1418 3611; x_wconf 78' lang='grc' dir='ltr'>καί</span> <span class='ocrx_word' id='word_1_347' title='bbox 1449 3543 1484 3610; x_wconf 81' lang='grc' dir='ltr'>ἐν</span> <span class='ocrx_word' id='word_1_348' title='bbox 1512 3542 1730 3628; x_wconf 81' lang='grc' dir='ltr'>Λακεδαίμονι</span> <span class='ocrx_word' id='word_1_349' title='bbox 1757 3548 1822 3620; x_wconf 74' lang='grc' dir='ltr'>τοῖς</span> <span class='ocrx_word' id='word_1_350' title='bbox 1848 3569 1880 3611; x_wconf 88' lang='grc' dir='ltr'>τε</span> <span class='ocrx_word' id='word_1_351' title='bbox 1905 3542 2031 3619; x_wconf 75' lang='grc' dir='ltr'>δούλοις</span> 
     </span>
     <span class='ocr_line' id='line_1_28' title="bbox 275 3655 2030 3756; baseline -0.003 -23"><span class='ocrx_word' id='word_1_352' title='bbox 275 3668 418 3756; x_wconf 72' lang='grc' dir='ltr'>χρῶνται</span> <span class='ocrx_word' id='word_1_353' title='bbox 448 3664 512 3736; x_wconf 79' lang='grc' dir='ltr'>τοῖς</span> <span class='ocrx_word' id='word_1_354' title='bbox 540 3657 687 3742; x_wconf 71' lang='grc' dir='ltr'>ἀλλήλων</span> <span class='ocrx_word' id='word_1_355' title='bbox 713 3659 757 3738; x_wconf 70' lang='grc' dir='ltr'>ὧι·</span> <span class='ocrx_word' id='word_1_356' title='bbox 785 3663 880 3730; x_wconf 76' lang='grc' dir='ltr'>εἰπεῖν</span> <span class='ocrx_word' id='word_1_357' title='bbox 904 3663 963 3752; x_wconf 78' lang='grc' dir='ltr'>(ὣς</span> <span class='ocrx_word' id='word_1_358' title='bbox 989 3674 1076 3730; x_wconf 88' lang='lat' dir='ltr'>recte</span> <span class='ocrx_word' id='word_1_359' title='bbox 1099 3669 1187 3730; x_wconf 90' lang='lat' dir='ltr'>eddit</span> <span class='ocrx_word' id='word_1_360' title='bbox 1213 3661 1444 3749; x_wconf 83' lang='lat' dir='ltr'>Giphenius)</span> <span class='ocrx_word' id='word_1_361' title='bbox 1472 3659 1578 3747; x_wconf 82' lang='grc' dir='ltr'>ι’δίοις,</span> <span class='ocrx_word' id='word_1_362' title='bbox 1606 3655 1649 3728; x_wconf 73' lang='grc' dir='ltr'>ἔτι</span> <span class='ocrx_word' id='word_1_363' title='bbox 1677 3661 1701 3729; x_wconf 84' lang='grc' dir='ltr'>δ</span> <span class='ocrx_word' id='word_1_364' title='bbox 1725 3657 1828 3739; x_wconf 69' lang='lat' dir='ltr'>irenen</span> <span class='ocrx_word' id='word_1_365' title='bbox 1853 3657 1912 3730; x_wconf 69' lang='lat' dir='ltr'>ml</span> <span class='ocrx_word' id='word_1_366' title='bbox 1932 3657 2030 3728; x_wconf 72' lang='grc' dir='ltr'>κυσίν</span> 
     </span>
     <span class='ocr_line' id='line_1_29' title="bbox 247 3778 2030 3870; baseline -0.003 -20"><span class='ocrx_word' id='word_1_367' title='bbox 247 3779 342 3856; x_wconf 52' lang='lat' dir='ltr'>mbo</span> <span class='ocrx_word' id='word_1_368' title='bbox 374 3779 534 3864; x_wconf 72' lang='grc' dir='ltr'>δεηθῶσιν</span> <span class='ocrx_word' id='word_1_369' title='bbox 564 3778 701 3865; x_wconf 78' lang='grc' dir='ltr'>ἐφοδίων</span> <span class='ocrx_word' id='word_1_370' title='bbox 729 3783 764 3846; x_wconf 80' lang='grc' dir='ltr'>ἐν</span> <span class='ocrx_word' id='word_1_371' title='bbox 798 3787 863 3860; x_wconf 76' lang='grc' dir='ltr'>τοῖς</span> <span class='ocrx_word' id='word_1_372' title='bbox 901 3779 1015 3870; x_wconf 79' lang='grc' dir='ltr'>ἀγροῖς</span> <span class='ocrx_word' id='word_1_373' title='bbox 1049 3781 1138 3852; x_wconf 76' lang='grc' dir='ltr'>κατὰ</span> <span class='ocrx_word' id='word_1_374' title='bbox 1172 3783 1228 3867; x_wconf 77' lang='grc' dir='ltr'>τὴν</span> <span class='ocrx_word' id='word_1_375' title='bbox 1258 3784 1390 3870; x_wconf 76' lang='grc' dir='ltr'>χώραν,</span> <span class='ocrx_word' id='word_1_376' title='bbox 1426 3787 1459 3846; x_wconf 83' lang='grc' dir='ltr'>ἰο</span> <span class='ocrx_word' id='word_1_377' title='bbox 1490 3803 1552 3865; x_wconf 84' lang='grc' dir='ltr'>ηοο</span> <span class='ocrx_word' id='word_1_378' title='bbox 1583 3785 1631 3845; x_wconf 85' lang='lat' dir='ltr'>vir</span> <span class='ocrx_word' id='word_1_379' title='bbox 1663 3783 1800 3864; x_wconf 89' lang='lat' dir='ltr'>optimus</span> <span class='ocrx_word' id='word_1_380' title='bbox 1833 3783 2030 3846; x_wconf 83' lang='lat' dir='ltr'>hirnestus</span> 
     </span>
     <span class='ocr_line' id='line_1_30' title="bbox 279 3899 2030 3986; baseline -0.003 -17"><span class='ocrx_word' id='word_1_381' title='bbox 279 3909 324 3970; x_wconf 90' lang='lat' dir='ltr'>de</span> <span class='ocrx_word' id='word_1_382' title='bbox 345 3899 573 3976; x_wconf 77' lang='lat' dir='ltr'>Leutsch²⁵l</span> <span class='ocrx_word' id='word_1_383' title='bbox 600 3917 705 3981; x_wconf 87' lang='lat' dir='ltr'>neque</span> <span class='ocrx_word' id='word_1_384' title='bbox 732 3904 843 3964; x_wconf 87' lang='lat' dir='ltr'>deesse</span> <span class='ocrx_word' id='word_1_385' title='bbox 868 3922 960 3983; x_wconf 89' lang='lat' dir='ltr'>posse</span> <span class='ocrx_word' id='word_1_386' title='bbox 981 3911 1069 3967; x_wconf 89' lang='lat' dir='ltr'>retus</span> <span class='ocrx_word' id='word_1_387' title='bbox 1089 3925 1194 3968; x_wconf 89' lang='lat' dir='ltr'>rerum</span> <span class='ocrx_word' id='word_1_388' title='bbox 1221 3908 1260 3968; x_wconf 89' lang='lat' dir='ltr'>eh</span> <span class='ocrx_word' id='word_1_389' title='bbox 1281 3906 1351 3966; x_wconf 90' lang='lat' dir='ltr'>eliis</span> <span class='ocrx_word' id='word_1_390' title='bbox 1374 3923 1585 3986; x_wconf 87' lang='lat' dir='ltr'>possessorum</span> <span class='ocrx_word' id='word_1_391' title='bbox 1608 3904 1817 3978; x_wconf 78' lang='lat' dir='ltr'>mentionem,</span> <span class='ocrx_word' id='word_1_392' title='bbox 1847 3903 1959 3981; x_wconf 92' lang='lat' dir='ltr'>quibus</span> <span class='ocrx_word' id='word_1_393' title='bbox 1984 3903 2030 3964; x_wconf 85' lang='lat' dir='ltr'>uti</span> 
     </span>
     <span class='ocr_line' id='line_1_31' title="bbox 280 4019 2030 4106; baseline -0.002 -20"><span class='ocrx_word' id='word_1_394' title='bbox 280 4027 384 4096; x_wconf 76' lang='lat' dir='ltr'>licent,</span> <span class='ocrx_word' id='word_1_395' title='bbox 406 4021 434 4084; x_wconf 87' lang='lat' dir='ltr'>si</span> <span class='ocrx_word' id='word_1_396' title='bbox 455 4019 522 4080; x_wconf 91' lang='lat' dir='ltr'>ruri</span> <span class='ocrx_word' id='word_1_397' title='bbox 543 4019 702 4082; x_wconf 84' lang='lat' dir='ltr'>elimentis</span> <span class='ocrx_word' id='word_1_398' title='bbox 720 4027 863 4096; x_wconf 84' lang='lat' dir='ltr'>cercent,</span> <span class='ocrx_word' id='word_1_399' title='bbox 885 4027 918 4082; x_wconf 88' lang='lat' dir='ltr'>et</span> <span class='ocrx_word' id='word_1_400' title='bbox 939 4020 1142 4084; x_wconf 82' lang='lat' dir='ltr'>Pluterchem</span> <span class='ocrx_word' id='word_1_401' title='bbox 1166 4023 1240 4086; x_wconf 89' lang='lat' dir='ltr'>lnst.</span> <span class='ocrx_word' id='word_1_402' title='bbox 1261 4025 1335 4087; x_wconf 86' lang='lat' dir='ltr'>Lec.</span> <span class='ocrx_word' id='word_1_403' title='bbox 1357 4044 1389 4106; x_wconf 89' lang='lat' dir='ltr'>p.</span> <span class='ocrx_word' id='word_1_404' title='bbox 1403 4020 1514 4086; x_wconf 71' lang='lat' dir='ltr'>essu.</span> <span class='ocrx_word' id='word_1_405' title='bbox 1535 4043 1579 4103; x_wconf 87' lang='lat' dir='ltr'>qr.</span> <span class='ocrx_word' id='word_1_406' title='bbox 1602 4021 1678 4100; x_wconf 79' lang='lat'>(252</span> <span class='ocrx_word' id='word_1_407' title='bbox 1699 4023 1803 4096; x_wconf 86' lang='lat' dir='ltr'>llutt.)</span> <span class='ocrx_word' id='word_1_408' title='bbox 1825 4029 1900 4082; x_wconf 89' lang='lat' dir='ltr'>ente</span> <span class='ocrx_word' id='word_1_409' title='bbox 1921 4021 2030 4084; x_wconf 91' lang='lat' dir='ltr'>oculos</span> 
     </span>
     <span class='ocr_line' id='line_1_32' title="bbox 278 4132 2031 4226; baseline -0.001 -19"><span class='ocrx_word' id='word_1_410' title='bbox 278 4141 425 4207; x_wconf 71' lang='lat' dir='ltr'>habuisse</span> <span class='ocrx_word' id='word_1_411' title='bbox 443 4140 527 4200; x_wconf 88' lang='lat' dir='ltr'>hune</span> <span class='ocrx_word' id='word_1_412' title='bbox 541 4139 723 4202; x_wconf 84' lang='lat' dir='ltr'>Aristotelis</span> <span class='ocrx_word' id='word_1_413' title='bbox 745 4139 859 4214; x_wconf 91' lang='lat' dir='ltr'>locum,</span> <span class='ocrx_word' id='word_1_414' title='bbox 881 4159 952 4202; x_wconf 89' lang='lat' dir='ltr'>cum</span> <span class='ocrx_word' id='word_1_415' title='bbox 970 4143 1113 4223; x_wconf 77' lang='lat' dir='ltr'>scripsit:</span> <span class='ocrx_word' id='word_1_416' title='bbox 1133 4147 1196 4218; x_wconf 72' lang='grc' dir='ltr'>τοῖς</span> <span class='ocrx_word' id='word_1_417' title='bbox 1216 4142 1280 4209; x_wconf 71' lang='grc' dir='ltr'>τοῖν</span> <span class='ocrx_word' id='word_1_418' title='bbox 1300 4141 1441 4224; x_wconf 78' lang='grc' dir='ltr'>πλησίων</span> <span class='ocrx_word' id='word_1_419' title='bbox 1461 4139 1599 4217; x_wconf 71' lang='grc' dir='ltr'>οἰκέταις</span> <span class='ocrx_word' id='word_1_420' title='bbox 1616 4140 1660 4218; x_wconf 80' lang='grc' dir='ltr'>ὡς</span> <span class='ocrx_word' id='word_1_421' title='bbox 1677 4138 1767 4216; x_wconf 78' lang='grc' dir='ltr'>ι’δίοις</span> <span class='ocrx_word' id='word_1_422' title='bbox 1786 4139 1934 4226; x_wconf 76' lang='grc' dir='ltr'>χρῆσθαι</span> <span class='ocrx_word' id='word_1_423' title='bbox 1955 4132 2031 4215; x_wconf 75' lang='grc' dir='ltr'>ίθοο</span> 
     </span>
     <span class='ocr_line' id='line_1_33' title="bbox 278 4250 2030 4348; baseline 0.001 -25"><span class='ocrx_word' id='word_1_424' title='bbox 278 4251 329 4344; x_wconf 72' lang='grc' dir='ltr'>ἦν,</span> <span class='ocrx_word' id='word_1_425' title='bbox 350 4250 459 4323; x_wconf 70' lang='lat' dir='ltr'>circu</span> <span class='ocrx_word' id='word_1_426' title='bbox 481 4254 611 4335; x_wconf 85' lang='grc' dir='ltr'>δίοιντο,</span> <span class='ocrx_word' id='word_1_427' title='bbox 634 4254 691 4325; x_wconf 83' lang='grc' dir='ltr'>καί</span> <span class='ocrx_word' id='word_1_428' title='bbox 712 4254 791 4326; x_wconf 73' lang='grc' dir='ltr'>κυσί</span> <span class='ocrx_word' id='word_1_429' title='bbox 810 4253 867 4325; x_wconf 77' lang='grc' dir='ltr'>καί</span> <span class='ocrx_word' id='word_1_430' title='bbox 888 4252 1000 4342; x_wconf 65' lang='lat' dir='ltr'>irruere,</span> <span class='ocrx_word' id='word_1_431' title='bbox 1021 4259 1049 4325; x_wconf 86' lang='grc' dir='ltr'>εί</span> <span class='ocrx_word' id='word_1_432' title='bbox 1067 4257 1111 4344; x_wconf 76' lang='grc' dir='ltr'>μὴ</span> <span class='ocrx_word' id='word_1_433' title='bbox 1133 4261 1165 4326; x_wconf 82' lang='grc' dir='ltr'>οἱ</span> <span class='ocrx_word' id='word_1_434' title='bbox 1180 4259 1330 4327; x_wconf 65' lang='grc' dir='ltr'>δεσπόται</span> <span class='ocrx_word' id='word_1_435' title='bbox 1350 4261 1513 4348; x_wconf 69' lang='grc' dir='ltr'>χρῄζοιεν·</span> <span class='ocrx_word' id='word_1_436' title='bbox 1532 4255 1589 4326; x_wconf 77' lang='grc' dir='ltr'>καί</span> <span class='ocrx_word' id='word_1_437' title='bbox 1611 4260 1647 4326; x_wconf 75' lang='grc' dir='ltr'>ἓν</span> <span class='ocrx_word' id='word_1_438' title='bbox 1668 4257 1763 4345; x_wconf 60' lang='lat' dir='ltr'>clypei</span> <span class='ocrx_word' id='word_1_439' title='bbox 1782 4253 1819 4325; x_wconf 74' lang='lat' dir='ltr'>di</span> <span class='ocrx_word' id='word_1_440' title='bbox 1837 4252 1871 4326; x_wconf 86' lang='grc' dir='ltr'>εί</span> <span class='ocrx_word' id='word_1_441' title='bbox 1882 4285 1927 4336; x_wconf 80' lang='grc' dir='ltr'>τις</span> <span class='ocrx_word' id='word_1_442' title='bbox 1947 4257 2030 4334; x_wconf 74' lang='grc' dir='ltr'>τινός</span> 
     </span>
     <span class='ocr_line' id='line_1_34' title="bbox 279 4371 2029 4465; baseline -0.002 -18"><span class='ocrx_word' id='word_1_443' title='bbox 279 4373 404 4458; x_wconf 56' lang='lat' dir='ltr'>letania</span> <span class='ocrx_word' id='word_1_444' title='bbox 425 4372 599 4464; x_wconf 73' lang='grc' dir='ltr'>γενόμενος</span> <span class='ocrx_word' id='word_1_445' title='bbox 619 4375 761 4461; x_wconf 85' lang='grc' dir='ltr'>δεηθείη,</span> <span class='ocrx_word' id='word_1_446' title='bbox 788 4375 923 4460; x_wconf 71' lang='grc' dir='ltr'>ἀνοίξας</span> <span class='ocrx_word' id='word_1_447' title='bbox 950 4373 1008 4444; x_wconf 74' lang='grc' dir='ltr'>καί</span> <span class='ocrx_word' id='word_1_448' title='bbox 1036 4378 1210 4464; x_wconf 71' lang='grc' dir='ltr'>βαστάσας</span> <span class='ocrx_word' id='word_1_449' title='bbox 1231 4377 1270 4446; x_wconf 79' lang='grc' dir='ltr'>τὰ</span> <span class='ocrx_word' id='word_1_450' title='bbox 1291 4377 1447 4460; x_wconf 68' lang='grc' dir='ltr'>ἐπιτήδεια</span> <span class='ocrx_word' id='word_1_451' title='bbox 1469 4378 1527 4445; x_wconf 76' lang='grc' dir='ltr'>τοῦ</span> <span class='ocrx_word' id='word_1_452' title='bbox 1548 4371 1695 4460; x_wconf 73' lang='grc' dir='ltr'>ἔχοντος,</span> <span class='ocrx_word' id='word_1_453' title='bbox 1720 4375 1760 4444; x_wconf 75' lang='grc' dir='ltr'>τὰ</span> <span class='ocrx_word' id='word_1_454' title='bbox 1783 4384 1910 4465; x_wconf 80' lang='grc' dir='ltr'>ταμιεῖα</span> <span class='ocrx_word' id='word_1_455' title='bbox 1930 4403 2029 4463; x_wconf 77' lang='grc' dir='ltr'>σηιιῃ-</span> 
     </span>
     <span class='ocr_line' id='line_1_35' title="bbox 278 4492 2029 4584; baseline -0.002 -18"><span class='ocrx_word' id='word_1_456' title='bbox 278 4498 418 4584; x_wconf 78' lang='grc' dir='ltr'>νάμενοο</span> <span class='ocrx_word' id='word_1_457' title='bbox 442 4492 639 4580; x_wconf 70' lang='grc' dir='ltr'>κατέλειπεν,</span> <span class='ocrx_word' id='word_1_458' title='bbox 670 4499 807 4579; x_wconf 90' lang='lat' dir='ltr'>denique</span> <span class='ocrx_word' id='word_1_459' title='bbox 834 4497 867 4558; x_wconf 90' lang='lat' dir='ltr'>in</span> <span class='ocrx_word' id='word_1_460' title='bbox 897 4497 1046 4561; x_wconf 75' lang='lat' dir='ltr'>currilium</span> <span class='ocrx_word' id='word_1_461' title='bbox 1072 4501 1189 4560; x_wconf 79' lang='lat' dir='ltr'>vocetis</span> <span class='ocrx_word' id='word_1_462' title='bbox 1218 4501 1290 4561; x_wconf 93' lang='lat' dir='ltr'>librl</span> <span class='ocrx_word' id='word_1_463' title='bbox 1319 4518 1337 4559; x_wconf 88' lang='lat' dir='ltr'>e</span> <span class='ocrx_word' id='word_1_464' title='bbox 1366 4505 1534 4580; x_wconf 76' lang='lat' dir='ltr'>personato</span> <span class='ocrx_word' id='word_1_465' title='bbox 1561 4497 1772 4579; x_wconf 84' lang='lat' dir='ltr'>Xenophonte</span> <span class='ocrx_word' id='word_1_466' title='bbox 1801 4498 1842 4561; x_wconf 88' lang='lat' dir='ltr'>de</span> <span class='ocrx_word' id='word_1_467' title='bbox 1869 4517 1936 4579; x_wconf 90' lang='lat' dir='ltr'>rep.</span> <span class='ocrx_word' id='word_1_468' title='bbox 1958 4497 2029 4562; x_wconf 85' lang='lat' dir='ltr'>hec.</span> 
     </span>
     <span class='ocr_line' id='line_1_36' title="bbox 278 4609 2027 4702; baseline 0 -20"><span class='ocrx_word' id='word_1_469' title='bbox 278 4619 389 4701; x_wconf 83' lang='lat' dir='ltr'>scripti</span> <span class='ocrx_word' id='word_1_470' title='bbox 409 4617 459 4679; x_wconf 82' lang='lat' dir='ltr'>hle</span> <span class='ocrx_word' id='word_1_471' title='bbox 477 4617 581 4679; x_wconf 82' lang='lat' dir='ltr'>verbis</span> <span class='ocrx_word' id='word_1_472' title='bbox 601 4613 646 4694; x_wconf 83' lang='grc'>(6,</span> <span class='ocrx_word' id='word_1_473' title='bbox 666 4613 687 4677; x_wconf 84' lang='grc'><strong>3</strong></span> <span class='ocrx_word' id='word_1_474' title='bbox 710 4621 769 4698; x_wconf 88' lang='lat' dir='ltr'>sq.)</span> <span class='ocrx_word' id='word_1_475' title='bbox 789 4613 915 4698; x_wconf 80' lang='grc' dir='ltr'>ίιιοίησε</span> <span class='ocrx_word' id='word_1_476' title='bbox 936 4611 970 4684; x_wconf 73' lang='lat' dir='ltr'>di</span> <span class='ocrx_word' id='word_1_477' title='bbox 989 4611 1047 4682; x_wconf 76' lang='grc' dir='ltr'>καί</span> <span class='ocrx_word' id='word_1_478' title='bbox 1067 4615 1213 4700; x_wconf 79' lang='grc' dir='ltr'>οίκίταις,</span> <span class='ocrx_word' id='word_1_479' title='bbox 1235 4609 1269 4683; x_wconf 84' lang='grc' dir='ltr'>εί</span> <span class='ocrx_word' id='word_1_480' title='bbox 1281 4641 1326 4692; x_wconf 78' lang='grc' dir='ltr'>τις</span> <span class='ocrx_word' id='word_1_481' title='bbox 1347 4616 1485 4700; x_wconf 85' lang='grc' dir='ltr'>δεηθείη,</span> <span class='ocrx_word' id='word_1_482' title='bbox 1505 4615 1653 4702; x_wconf 77' lang='grc' dir='ltr'>χρῆσθαι</span> <span class='ocrx_word' id='word_1_483' title='bbox 1676 4612 1732 4683; x_wconf 80' lang='grc' dir='ltr'>καί</span> <span class='ocrx_word' id='word_1_484' title='bbox 1755 4619 1819 4691; x_wconf 78' lang='grc' dir='ltr'>τοῖς</span> <span class='ocrx_word' id='word_1_485' title='bbox 1838 4613 2027 4701; x_wconf 65' lang='grc' dir='ltr'>ἀλλοτρίοις·</span> 
     </span>
    </p>
   </div>
   <div class='ocr_carea' id='block_1_5' title="bbox 279 4883 2028 5298">
    <p class='ocr_par' dir='ltr' id='par_1_6' title="bbox 447 4883 2026 4958">
     <span class='ocr_line' id='line_1_37' title="bbox 447 4883 2026 4958; baseline 0.001 -20"><span class='ocrx_word' id='word_1_486' title='bbox 447 4885 494 4955; x_wconf 75' lang='lat'>22)</span> <span class='ocrx_word' id='word_1_487' title='bbox 512 4887 596 4940; x_wconf 84' lang='lat' dir='ltr'>Penio</span> <span class='ocrx_word' id='word_1_488' title='bbox 613 4893 670 4954; x_wconf 87' lang='lat' dir='ltr'>port</span> <span class='ocrx_word' id='word_1_489' title='bbox 686 4886 704 4938; x_wconf 92' lang='lat' dir='ltr'>l.</span> <span class='ocrx_word' id='word_1_490' title='bbox 718 4891 750 4939; x_wconf 75' lang='lat' dir='ltr'>tt</span> <span class='ocrx_word' id='word_1_491' title='bbox 768 4901 815 4955; x_wconf 88' lang='lat' dir='ltr'>pro</span> <span class='ocrx_word' id='word_1_492' title='bbox 831 4883 958 4958; x_wconf 75' lang='grc' dir='ltr'>γινόμενα</span> <span class='ocrx_word' id='word_1_493' title='bbox 974 4903 1057 4942; x_wconf 88' lang='lat' dir='ltr'>nonne</span> <span class='ocrx_word' id='word_1_494' title='bbox 1069 4889 1226 4942; x_wconf 72' lang='lat' dir='ltr'>rodbertum</span> <span class='ocrx_word' id='word_1_495' title='bbox 1239 4895 1277 4941; x_wconf 88' lang='lat' dir='ltr'>oet</span> <span class='ocrx_word' id='word_1_496' title='bbox 1291 4885 1476 4958; x_wconf 68' lang='lat' dir='ltr'>resipere?</span> <span class='ocrx_word' id='word_1_497' title='bbox 1512 4887 1741 4952; x_wconf 75' lang='lat' dir='ltr'>Goettliugius</span> <span class='ocrx_word' id='word_1_498' title='bbox 1753 4887 1858 4939; x_wconf 85' lang='lat' dir='ltr'>coniecit</span> <span class='ocrx_word' id='word_1_499' title='bbox 1869 4885 2026 4957; x_wconf 74' lang='grc' dir='ltr'>γεννώμενα</span> 
     </span>
    </p>

    <p class='ocr_par' dir='ltr' id='par_1_7' title="bbox 279 4973 2028 5128">
     <span class='ocr_line' id='line_1_38' title="bbox 446 4973 2028 5042; baseline -0.001 -19"><span class='ocrx_word' id='word_1_500' title='bbox 446 4973 494 5041; x_wconf 75' lang='lat' dir='ltr'>tt)</span> <span class='ocrx_word' id='word_1_501' title='bbox 509 4973 563 5024; x_wconf 78' lang='lat' dir='ltr'>Ll</span> <span class='ocrx_word' id='word_1_502' title='bbox 590 4989 615 5040; x_wconf 92' lang='lat' dir='ltr'>p.</span> <span class='ocrx_word' id='word_1_503' title='bbox 625 4979 659 5024; x_wconf 76' lang='lat' dir='ltr'>td</span> <span class='ocrx_word' id='word_1_504' title='bbox 671 4989 717 5040; x_wconf 83' lang='lat' dir='ltr'>sq,</span> <span class='ocrx_word' id='word_1_505' title='bbox 735 4973 779 5024; x_wconf 91' lang='lat' dir='ltr'>ubi</span> <span class='ocrx_word' id='word_1_506' title='bbox 796 4975 936 5027; x_wconf 79' lang='lat' dir='ltr'>verissime:</span> <span class='ocrx_word' id='word_1_507' title='bbox 955 4975 996 5038; x_wconf 89' lang='lat' dir='ltr'>„li</span> <span class='ocrx_word' id='word_1_508' title='bbox 1013 4985 1052 5028; x_wconf 84' lang='lat' dir='ltr'>ert</span> <span class='ocrx_word' id='word_1_509' title='bbox 1071 4977 1192 5042; x_wconf 77' lang='lat' dir='ltr'>singulisr</span> <span class='ocrx_word' id='word_1_510' title='bbox 1209 4976 1364 5042; x_wconf 81' lang='lat' dir='ltr'>qu’Aristoto</span> <span class='ocrx_word' id='word_1_511' title='bbox 1381 4991 1489 5042; x_wconf 85' lang='lat' dir='ltr'>suppose</span> <span class='ocrx_word' id='word_1_512' title='bbox 1507 4975 1540 5026; x_wconf 85' lang='lat' dir='ltr'>ici</span> <span class='ocrx_word' id='word_1_513' title='bbox 1557 4989 1586 5026; x_wconf 88' lang='lat' dir='ltr'>ce</span> <span class='ocrx_word' id='word_1_514' title='bbox 1604 4973 1666 5040; x_wconf 86' lang='lat' dir='ltr'>qu’il</span> <span class='ocrx_word' id='word_1_515' title='bbox 1679 4973 1720 5024; x_wconf 86' lang='lat' dir='ltr'>n&#39;e</span> <span class='ocrx_word' id='word_1_516' title='bbox 1738 4989 1784 5040; x_wconf 89' lang='lat' dir='ltr'>pee</span> <span class='ocrx_word' id='word_1_517' title='bbox 1796 4989 1887 5027; x_wconf 85' lang='lat' dir='ltr'>encore</span> <span class='ocrx_word' id='word_1_518' title='bbox 1900 4975 2028 5026; x_wconf 74' lang='lat' dir='ltr'>denoque</span> 
     </span>
     <span class='ocr_line' id='line_1_39' title="bbox 279 5056 1659 5128; baseline -0.002 -14"><span class='ocrx_word' id='word_1_519' title='bbox 279 5068 305 5114; x_wconf 87' lang='lat' dir='ltr'>et</span> <span class='ocrx_word' id='word_1_520' title='bbox 320 5061 382 5128; x_wconf 83' lang='lat' dir='ltr'>qu&#39;il</span> <span class='ocrx_word' id='word_1_521' title='bbox 400 5076 433 5111; x_wconf 83' lang='grc' dir='ltr'>ιι</span> <span class='ocrx_word' id='word_1_522' title='bbox 450 5060 600 5118; x_wconf 79' lang='grc' dir='ltr'>δέοιοοιιοι,</span> <span class='ocrx_word' id='word_1_523' title='bbox 619 5059 802 5124; x_wconf 68' lang='lat' dir='ltr'>terruitque</span> <span class='ocrx_word' id='word_1_524' title='bbox 819 5056 846 5108; x_wconf 83' lang='lat' dir='ltr'>le</span> <span class='ocrx_word' id='word_1_525' title='bbox 861 5063 1038 5112; x_wconf 77' lang='lat' dir='ltr'>commonente</span> <span class='ocrx_word' id='word_1_526' title='bbox 1054 5063 1155 5114; x_wconf 78' lang='lat' dir='ltr'>reltche</span> <span class='ocrx_word' id='word_1_527' title='bbox 1169 5063 1195 5113; x_wconf 87' lang='lat' dir='ltr'>le</span> <span class='ocrx_word' id='word_1_528' title='bbox 1211 5062 1263 5114; x_wconf 89' lang='lat' dir='ltr'>lien</span> <span class='ocrx_word' id='word_1_529' title='bbox 1281 5063 1325 5114; x_wconf 84' lang='lat' dir='ltr'>dee</span> <span class='ocrx_word' id='word_1_530' title='bbox 1342 5059 1472 5112; x_wconf 77' lang='lat' dir='ltr'>effectione</span> <span class='ocrx_word' id='word_1_531' title='bbox 1490 5061 1522 5112; x_wconf 89' lang='lat' dir='ltr'>de</span> <span class='ocrx_word' id='word_1_532' title='bbox 1538 5059 1659 5112; x_wconf 82' lang='lat' dir='ltr'>iemille.“</span> 
     </span>
    </p>

    <p class='ocr_par' dir='ltr' id='par_1_8' title="bbox 445 5142 1540 5214">
     <span class='ocr_line' id='line_1_40' title="bbox 445 5142 1540 5214; baseline 0.003 -21"><span class='ocrx_word' id='word_1_533' title='bbox 445 5145 493 5210; x_wconf 81' lang='lat' dir='ltr'>et)</span> <span class='ocrx_word' id='word_1_534' title='bbox 510 5142 552 5194; x_wconf 89' lang='lat' dir='ltr'>De</span> <span class='ocrx_word' id='word_1_535' title='bbox 569 5143 720 5210; x_wconf 80' lang='lat' dir='ltr'>quibusdem</span> <span class='ocrx_word' id='word_1_536' title='bbox 737 5145 901 5196; x_wconf 83' lang='lat' dir='ltr'>Politicornm</span> <span class='ocrx_word' id='word_1_537' title='bbox 918 5147 1122 5200; x_wconf 78' lang='lat' dir='ltr'>Aristoteliorum</span> <span class='ocrx_word' id='word_1_538' title='bbox 1141 5148 1211 5200; x_wconf 75' lang='lat' dir='ltr'>locis</span> <span class='ocrx_word' id='word_1_539' title='bbox 1248 5147 1344 5214; x_wconf 73' lang='lat' dir='ltr'>Gryph.</span> <span class='ocrx_word' id='word_1_540' title='bbox 1367 5151 1439 5199; x_wconf 76' lang='grc'><strong>1887.</strong></span> <span class='ocrx_word' id='word_1_541' title='bbox 1475 5163 1502 5212; x_wconf 86' lang='lat' dir='ltr'>p.</span> <span class='ocrx_word' id='word_1_542' title='bbox 1516 5153 1540 5196; x_wconf 81' lang='lat' dir='ltr'>t.</span> 
     </span>
    </p>

    <p class='ocr_par' dir='ltr' id='par_1_9' title="bbox 443 5229 901 5298">
     <span class='ocr_line' id='line_1_41' title="bbox 443 5229 901 5298; baseline 0.002 -17"><span class='ocrx_word' id='word_1_543' title='bbox 443 5230 491 5297; x_wconf 76' lang='lat' dir='ltr'>et)</span> <span class='ocrx_word' id='word_1_544' title='bbox 507 5229 539 5282; x_wconf 87' lang='lat' dir='ltr'>ln</span> <span class='ocrx_word' id='word_1_545' title='bbox 556 5229 693 5297; x_wconf 75' lang='lat' dir='ltr'>Philologo</span> <span class='ocrx_word' id='word_1_546' title='bbox 708 5231 769 5283; x_wconf 83' lang='lat' dir='ltr'>XV.</span> <span class='ocrx_word' id='word_1_547' title='bbox 805 5237 901 5298; x_wconf 74' lang='lat' dir='ltr'>pter.</span> 
     </span>
    </p>
   </div>
   <div class='ocr_carea' id='block_1_6' title="bbox 0 0 2423 5922">
    <p class='ocr_par' dir='ltr' id='par_1_10' title="bbox 0 0 2423 5922">
     <span class='ocr_line' id='line_1_42' title="bbox 0 0 2423 5922; baseline 0 0"><span class='ocrx_word' id='word_1_548' title='bbox 0 0 2423 5922; x_wconf 95' lang='lat' dir='ltr'> </span> 
     </span>
    </p>
   </div>
  </div>
 </body>
</html>
