4850 5918
1103 459 1316 559 ffl-

358 676 477 758 μᾱλλυν
501 677 522 761 ἡ
544 678 639 761 ἀρετὴ
662 683 718 758 τῆς
740 675 852 754 κακίας
876 678 962 741 ἔσται
985 678 1141 758 ἑκούσιον,
1165 674 1352 738 Monstrum
1378 690 1428 738 est
1453 675 1597 757 periodi,
1621 675 1717 740 cuius
1750 674 1897 740 indolem
1929 675 2059 759 primus

356 799 491 884 ap'eruit
514 799 795 882 Krischeusffi).
841 800 1023 884 Ap'odosis
1046 801 1124 864 inde
1147 819 1168 863 a
1190 798 1306 862 verbis
1328 798 1365 861 1ἰ
1392 818 1444 882 sq.
1468 799 1495 866 ei
1518 803 1574 886 μὲν
1595 797 1650 867 οὖν
1665 803 1796 880 ἕκαστος
1812 800 1929 884 incipit
1952 815 2059 883 atque

355 924 388 988 in
421 925 492 989 duo
522 925 686 990 dividitur
717 926 872 990 membra
902 927 988 990 inter
1011 947 1050 990 se
1072 924 1246 1009 opposita,
1271 926 1376 1010 εἰμὲν
1405 923 1460 990 οὖν
1482 961 1526 972 -
1556 926 1606 1008 ¹³3.
1639 929 1732 1004 αἴτιος
1763 942 1796 990 et
1832 928 1859 992 εἰ
1892 929 1926 993 δὲ
1955 928 2058 1012 μηδεὶς

355 1085 399 1096 -
424 1069 475 1132 13.
499 1051 651 1134 ἑκούσιον,
675 1070 824 1133 quorum
846 1066 1032 1135 utrumque
1065 1069 1183 1114 rursus
1218 1063 1352 1113 constat
1386 1069 1406 1111 e
1440 1049 1571 1132 protasi
1606 1064 1641 1113 et
1676 1049 1838 1133 apodosi:
1874 1051 1907 1114 in
1942 1065 2058 1134 poste·

355 1173 454 1237 rioris
477 1189 592 1238 autern
615 1173 709 1238 initio
732 1177 760 1240 εἰ
782 1177 816 1240 δὲ
839 1177 892 1260 μή,
921 1175 1027 1252 οὐθείς
1051 1174 1177 1239 tradita
1205 1189 1282 1237 sunt
1310 1173 1343 1236 in
1371 1173 1513 1237 meliore
1541 1173 1698 1238 codicum
1727 1172 1854 1238 familia
1876 1172 1995 1257 lll(=
2008 1175 2060 1236 Kb

355 1297 410 1362 blb
423 1295 494 1382 C⁰)‚
517 1299 549 1363 in
565 1300 688 1364 ceteris
704 1299 855 1364 fontibus
871 1300 895 1364 Γ
908 1299 955 1362 Lb
968 1301 998 1363 N
1004 1301 1018 1337 '³
1031 1298 1079 1362 Ob
1095 1299 1149 1363 Ο12
1160 1299 1207 1363 Ρ2
1218 1297 1280 1361 Ar.
1295 1296 1378 1362 Ald.
1395 1296 1599 1376 Alexandro
1615 1299 1878 1382 Aphrodisiensi
1901 1297 2058 1382 (Quaest.

357 1439 425 1487 nat.
450 1439 483 1487 et
506 1443 591 1488 mor.
609 1446 643 1508 p.
657 1445 721 1508 303
745 1445 797 1508 sq.
821 1423 1011 1510 Speng.)ei
1033 1427 1068 1490 δὲ
1085 1422 1246 1510 μηδείςὸθ).
1286 1423 1364 1486 Hoc
1379 1424 1615 1506 probaverunt
1631 1423 1835 1488 Bonitzius
1859 1439 1893 1488 et
1916 1425 2060 1513 Rasso

358 1545 506 1630 viusffl),
531 1566 621 1630 quos
645 1569 714 1634 ego
729 1565 869 1614 secutus
892 1570 977 1628 sum,
1002 1547 1086 1614 illud
1111 1549 1302 1633 Bywater
1326 1547 1440 1611 denuo
1467 1549 1608 1631 recepit.
1655 1546 1812 1612 Tolerari
1841 1568 1947 1631 posse
1975 1547 2059 1612 illud

356 1670 522 1750 concedo,
546 1673 609 1737 sed
633 1673 692 1755 qui
715 1674 856 1756 recepit,
881 1689 975 1738 certe
998 1695 1032 1738 ν.
1059 1694 1098 1736 12
1122 1673 1157 1738 δὲ
1179 1691 1245 1757 pro
1268 1673 1307 1756 δὴ
1330 1671 1510 1736 restituere
1530 1671 1695 1736 debebat:
1719 1673 1748 1736 si
1771 1673 1858 1738 enim
1878 1675 1905 1738 ei
1920 1675 1958 1758 δὴ
1974 1669 2061 1738 ταῦτ’
2109 1705 2112 1712 =

356 1794 439 1862 ἐστὶν
471 1798 580 1883 ἀληθῆ
604 1797 800 1876 retinentur,
836 1799 922 1862 haec
958 1798 1068 1863 verba
1090 1797 1162 1861 sine
1184 1795 1257 1860 ullo
1280 1795 1387 1860 dubio
1410 1812 1491 1879 post
1515 1797 1730 1879 parenthesin
1753 1801 1789 1864 τὸ
1812 1802 1873 1882 γὰρ
1890 1833 1931 1843 -
1950 1797 2060 1882 εὐφυΐα

356 1920 588 2006 redintegrant
613 1922 777 2004 protasin,
801 1942 865 1986 non
888 1923 993 2007 igitur
1016 1943 1059 1985 ea
1081 1922 1131 1986 sic
1153 1921 1247 1986 finita
1269 1921 1335 1985 iam
1360 1941 1437 1985 esse
1459 1937 1575 2004 potest
1598 1938 1677 1985 ante
1699 1943 1732 2005 4.
1755 1924 1849 2004 ἀλλὰ,
1873 1923 1934 1986 sed
1951 1921 2059 2004 porri·

356 2045 450 2129 gitur
474 2065 584 2127 usque
605 2046 651 2110 ad
675 2067 707 2130 9.
730 2047 877 2132 πέφυκεν.
924 2048 969 2111 Et
991 2067 1116 2130 reapse
1139 2046 1205 2110 hoc
1230 2045 1349 2110 melius
1373 2045 1546 2128 quadrare
1568 2045 1613 2109 ad
1636 2046 1879 2111 sententiarum
1908 2045 2060 2110 continu·

357 2170 503 2235 ationem
527 2169 740 2236 manifestum
764 2186 830 2235 est:
859 2185 897 2235 ut
919 2171 1007 2234 enim
1030 2172 1181 2235 brevitet
1205 2193 1281 2236 eam
1305 2171 1605 2254 comprehendam,
1628 2171 1696 2235 boc
1726 2185 1787 2250 est,
1812 2172 1908 2255 quod
1931 2191 2060 2254 propo-

356 2315 436 2358 nere
459 2293 569 2360 voluit
584 2295 792 2360 Aristoteles
814 2296 846 2359 in
864 2296 1018 2360 membro
1034 2297 1201 2361 secundo:
1229 2296 1299 2372 „sin
1314 2316 1401 2361 vero
1417 2317 1481 2360 non
1502 2310 1554 2360 est
1569 2294 1713 2360 liberum
1730 2295 1916 2373 arbitrium,
1935 2295 2058 2360 eodem

357 2419 463 2482 modo
491 2418 632 2484 libertas
655 2440 722 2484 non
744 2419 830 2484 inest
853 2420 884 2484 in
908 2421 1034 2486 virtute
1068 2435 1174 2505 atque
1196 2421 1229 2484 in
1263 2420 1379 2486 vitio“.
1430 2420 1541 2505 Magis
1568 2420 1672 2505 igitur
1700 2421 1749 2484 rei
1773 2436 1916 2486 naturae
1939 2435 2059 2504 aptum

356 2559 418 2622 est,
442 2543 471 2608 si
495 2564 546 2622 ea,
571 2565 671 2628 quae,
695 2559 733 2609 ut
756 2544 834 2610 inde
857 2545 1022 2627 sequitur,
1045 2547 1232 2610 secundum
1256 2544 1407 2630 logicam
1429 2545 1597 2609 rationem
1621 2561 1805 2628 protaseos
1827 2560 1905 2610 sunt
1929 2561 2057 2628 partes,

358 2668 461 2732 etiam
490 2669 713 2752 grammatica
742 2669 994 2735 constructione
1017 2670 1049 2733 in
1073 2669 1202 2754 protasi
1227 2669 1489 2754 coniunguntur,
1520 2689 1623 2751 quam
1651 2671 1680 2734 si
1703 2691 1750 2733 ex
1773 2669 1822 2734 eis
1845 2670 2061 2753 componitur

357 2793 522 2876 apodosis
555 2813 596 2858 ac
630 2809 754 2876 postea
786 2815 877 2858 nova
912 2795 1077 2858 formatur
1112 2795 1262 2878 protasis
1285 2797 1312 2860 εἰ
1335 2797 1369 2860 δὲ
1391 2791 1478 2860 ταῦτ’
1504 2796 1586 2860 ἐστὶν
1613 2796 1722 2880 ἀληθῆ
1751 2795 1871 2859 eadem
1908 2795 2060 2859 breviter

357 2913 589 2998 complectens
612 2931 719 3001 atque
739 2917 989 3002 redintegrans:
1015 2918 1082 2982 hoc
1104 2933 1219 2982 autem
1242 2920 1279 2984 fit
1295 2917 1441 2984 lectione
1464 2921 1491 2984 εἰ
1514 2920 1548 2984 δὲ
1571 2921 1623 3004 μή,
1647 2920 1763 3002 οὐθείς,
1786 2917 1871 2983 illud
1887 2919 2056 3002 scriptura

356 3042 440 3106 εἰδὲ
470 3043 588 3126 undele:
623 3061 712 3126 ergo
743 3040 801 3106 illa
824 3043 993 3106 reicienda
1023 3058 1087 3121 est,
1115 3043 1201 3108 haec
1228 3045 1419 3127 probanda,
1448 3045 1653 3128 nimiumque
1686 3043 1813 3122 tribuit,
1846 3059 1884 3107 ut
1912 3045 2060 3127 saepius,

358 3163 548 3247 Bywater
571 3164 766 3230 auctoritati
791 3165 921 3230 codicis
943 3167 1064 3250 optimi
1086 3168 1149 3232 Kb.

518 3327 658 3410 Reapse
680 3347 745 3391 non
770 3342 821 3392 est
846 3327 991 3392 liberum
1014 3327 1072 3393 vel
1096 3346 1188 3393 certe
1212 3349 1278 3393 non
1302 3348 1445 3414 prorsus
1474 3327 1619 3393 liberum
1642 3328 1828 3406 arbitrium,
1857 3329 1885 3392 si
1909 3327 1991 3393 vitia
2015 3349 2061 3392 ex

361 3452 537 3517 erroribus
549 3451 665 3516 iudicii
681 3452 878 3538 gignuntur,
902 3453 1082 3518 virtutese
1103 3453 1195 3518 bono
1219 3455 1365 3540 ingenio,
1390 3470 1424 3519 et
1448 3455 1541 3517 bono
1568 3453 1689 3518 saltem
1711 3454 1847 3539 ingenio
1871 3473 1961 3537 opus
1985 3474 2062 3518 esse

358 3577 460 3640 etiam
484 3575 689 3642 Aristoteles
713 3577 788 3660 ipse
811 3577 946 3642 minime
969 3593 1082 3664 negat,
1111 3578 1214 3643 immo
1242 3581 1367 3644 latetur
1390 3578 1457 3643 hoc
1480 3578 1739 3661 quodammodo
1763 3577 1863 3641 etiarn
1886 3577 1918 3640 in
1943 3597 2061 3660 paren·

358 3701 456 3779 thesi,
492 3721 562 3783 qua
589 3701 698 3766 verba
725 3706 778 3768 καὶ
806 3704 889 3769 ἔστιν
915 3705 1031 3789 εὐφυὴς
1057 3703 1082 3790 ᾧ
1106 3716 1197 3770 τοῦτο
1224 3702 1330 3782 καλῶς
1354 3704 1489 3788 πέφυκεν
1518 3701 1740 3767 illustrantur:
1775 3703 1812 3767 τὸ
1834 3707 1894 3787 γὰρ
1918 3702 2061 3787 μέγιστον

357 3829 411 3891 καί
433 3824 613 3910 κάλλιπον,
635 3830 690 3891 καί
713 3827 731 3888 ὃ
753 3823 828 3913 παρ’
849 3827 955 3914 ἑτέρου
983 3832 1025 3913 μὴ
1053 3825 1116 3893 οἷόν
1143 3851 1177 3894 τε
1205 3829 1309 3915 λαβεῖν
1333 3831 1409 3924 μηδὲ
1432 3830 1545 3914 μαθεῖν
1569 3822 1640 3894 ἀλλ’
1663 3827 1726 3894 οἷον
1749 3830 1808 3912 ἔφυ
1829 3837 1968 3893 τοιοῦτον
1990 3827 2059 3908 ἕξει,

363 3949 451 4034 [καὶ]
473 3953 510 4016 τὸ
534 3947 569 4014 etl
591 3953 645 4015 ut
667 3953 704 4016 τὸ
726 3952 832 4029 καλῶς
855 3963 946 4016 τοῦτο
968 3953 1139 4037 πεφυκέναι
1168 3951 1189 4036 ἡ
1214 3951 1318 4018 τελεία
1349 3956 1402 4017 καὶ
1433 3951 1569 4036 ἀληθινὴ
1599 3953 1648 4018 ἄν’
1665 3954 1711 4037 εἴη
1739 3954 1858 4037 εὐφυΐα,
1882 3971 1915 4016 ν.
1941 3953 2060 4016 8-ιι.

358 4076 393 4140 ln
417 4096 459 4139 ea
481 4074 709 4141 Stewartus
736 4047 843 4159 'putat
865 4077 903 4142 τὸ
925 4113 969 4123 -
991 4085 1130 4143 τοιοῦτον
1165 4076 1339 4142 obiectum
1362 4097 1439 4142 esse
1474 4077 1571 4141 verbi
1594 4077 1664 4160 ἕξει,
1698 4078 1761 4141 sed
1789 4097 1855 4141 non
1882 4077 2056 4162 intellego,

358 4221 526 4284 quaenam
548 4201 598 4266 sic
614 4221 690 4266 esse
705 4201 816 4285 possit
838 4200 1032 4266 ultimorum
1055 4199 1126 4269 ἀλλ’
1149 4202 1212 4269 οἷον
1235 4204 1294 4287 ἔφυ
1316 4211 1452 4268 τοιοῦτον
1475 4215 1656 4279 structura,
1680 4201 1709 4266 si
1733 4201 1819 4266 enim
1843 4202 1888 4266 ab
1911 4203 1971 4282 ἕξει
1994 4203 2060 4266 iam

360 4326 511 4409 pendent
533 4327 780 4405 antecedentia,
809 4327 895 4391 haec
919 4325 999 4391 nihil
1023 4326 1160 4407 habent,
1190 4328 1281 4392 unde
1308 4327 1488 4410 pendeant.
1536 4326 1737 4390 Germanice
1760 4327 1916 4391 reddam:
1955 4327 2062 4403 „deno

359 4471 397 4514 er
420 4451 506 4515 wird
530 4452 619 4516 dann
643 4452 705 4516 das
729 4451 876 4516 Grdsste
899 4453 967 4517 und
990 4451 1162 4518 Schdnste
1189 4453 1258 4517 und
1281 4449 1468 4536 Dasjenige
1496 4450 1654 4528 besitzen,
1684 4470 1756 4515 was
1779 4471 1856 4515 man
1879 4450 1968 4515 nicht
1992 4471 2062 4515 von

359 4575 466 4640 einem
490 4575 652 4642 Anderen
677 4575 882 4641 bekommen
915 4578 1003 4642 noch
1033 4577 1148 4642 lernen
1181 4578 1280 4656 kann,
1312 4579 1460 4643 sondern
1485 4597 1558 4642 was
1582 4597 1644 4640 nur
1666 4576 1719 4641 als
1742 4577 1795 4640 ein
1817 4577 1963 4657 solches,
1996 4579 2061 4642 wie

359 4721 397 4765 es
419 4699 538 4764 finem
560 4701 759 4786 angeboren
782 4701 858 4780 ist“,
888 4701 1026 4786 iamque
1048 4720 1195 4787 apparet
1219 4703 1313 4768 hiare
1343 4703 1625 4768 constructionem
1657 4721 1723 4766 non
1751 4702 1874 4781 minus,
1903 4723 2007 4785 quarn
2031 4703 2060 4766 si

358 4828 396 4890 τὸ
418 4857 462 4872 ·-
484 4825 544 4905 ἕξει
567 4825 760 4891 subiectum
776 4825 893 4910 potius
909 4843 971 4892 est.
1010 4827 1251 4908 Rassovius,
1277 4827 1335 4912 qui
1350 4843 1444 4892 recte
1459 4827 1526 4892 hoc
1543 4827 1703 4910 praefert,
1727 4847 1897 4892 excusare
1918 4842 2063 4890 conatur

519 5127 551 5196 ⁵⁵)
569 5129 666 5196 Jenaer
685 5132 933 5196 Litteraturzeitung
954 5133 1029 5192 1835.
1049 5131 1100 5184 No.
1120 5143 1180 5192 230.
1217 5133 1306 5184 Secutl
1325 5144 1384 5184 sunt
1403 5133 1592 5183 Rassovlus
1611 5143 1636 5182 et
1655 5132 1836 5182 Bonitzlus.

519 5216 552 5284 Μ)
570 5219 718 5272 Memoriae
746 5237 839 5272 errore
866 5221 995 5287 deceptus
1023 5237 1079 5271 rem
1110 5223 1216 5272 invertit
1248 5223 1419 5272 Bonltzius
1461 5221 1663 5272 Aristotellsclre
1694 5221 1802 5273 Studien
1837 5222 1880 5270 lll.
1911 5237 1937 5286 p.
1967 5223 2000 5284 84
2019 5239 2060 5284 sq.

360 5305 407 5370 (=
426 5303 527 5356 Comm.
547 5308 631 5358 Acad.
651 5308 768 5360 Vindob.
787 5311 841 5361 Lll.
861 5326 887 5376 p.
909 5322 943 5369 5ο
960 5313 1013 5375 sq.)

519 5393 552 5462 ⁵⁷)
573 5399 761 5462 Forschungen
781 5399 848 5449 t'rber
866 5400 909 5449 die
928 5400 1036 5449 Nikom.
1056 5400 1144 5462 Ethllt,
1163 5399 1288 5449 Vimarae
1311 5403 1385 5463 1874,
1405 5417 1432 5464 p.
1455 5411 1512 5450 121.
