4850 5918
1154 222 1202 287 lV

322 457 385 501 nos
409 458 518 520 paene
541 437 655 500 omnia
678 436 813 514 scimuS,
839 458 928 520 quae
952 437 996 500 de
1019 458 1060 499 ea
1083 419 1217 514 scimus,
1244 453 1278 500 ut
1302 437 1415 501 studia
1440 451 1532 499 certe
1555 436 1586 498 in
1611 435 1752 500 Politias
1775 437 1821 498 ab
1837 435 2029 500 Aristotele

324 561 450 646 collata
474 561 540 624 iam
565 579 643 625 ante
666 563 733 626 hoc
757 580 862 644 caput
887 578 1066 626 exaratum
1090 561 1210 643 procul
1227 563 1334 626 dubio
1351 563 1396 624 ab
1412 583 1455 625 eo
1472 560 1597 626 collata
1614 561 1688 626 sint.
1736 561 1892 644 Denique
1908 562 2029 624 summi

323 685 484 749 momenti
519 687 563 748 ad
599 685 820 750 dirimendam
856 685 942 749 hanc
978 687 1211 769 quaestionem
1247 703 1299 751 est
1339 703 1443 770 caput
1471 687 1578 750 x11¹¹¹¹¹
1605 687 1661 751 vel
1689 687 1806 770 potius
1834 686 1929 769 prior
1957 687 2029 750 eius

323 831 405 893 pars
431 811 535 894 1273b
561 821 768 894 25—1274⁵
793 831 844 874 21.
891 811 1004 891 Quam
1029 811 1256 894 philosophus
1287 833 1362 877 cum
1394 813 1570 890 scriberet,
1600 812 1700 877 scivit
1731 811 1840 876 salten
1873 812 1939 875 iam
1973 811 2028 875 vel

322 936 409 999 scire
432 936 498 999 sibi
523 936 705 1000 videbatur
729 953 893 1018 quattuor
916 936 992 1000 illas
1012 936 1139 1002 classes
1156 938 1426 1014 Atheniensium,
1444 937 1844 1020 pentacosiomedimnod,
1866 937 2029 1022 zeugitas,

324 1063 467 1144 equiteS,
492 1063 612 1139 theteS,
638 1083 704 1126 non
727 1085 747 1125 a
771 1061 901 1126 Solone
926 1064 1061 1128 demum
1091 1063 1259 1128 institutas
1283 1085 1369 1141 esse,
1393 1063 1553 1146 quoniam
1583 1061 1661 1126 nihil
1687 1083 1763 1126 esse
1797 1062 1827 1125 in
1861 1063 1936 1146 ipsa
1968 1063 2030 1125 rei·

324 1187 485 1271 publicae
509 1187 749 1252 constitutione
772 1188 817 1250 ab
842 1189 908 1252 hoc
932 1188 1008 1252 viro
1032 1204 1194 1251 novatum
1219 1189 1299 1253 dicit
1324 1189 1384 1252 nisi
1408 1189 1531 1254 iudicia
1555 1211 1601 1251 ex
1618 1189 1775 1252 omnibus
1792 1188 1925 1252 civibus
1941 1208 2031 1250 mm-

325 1313 449 1396 posita.
505 1312 604 1376 Anne
638 1312 811 1376 institutae
846 1315 968 1376 fuerint
1001 1335 1021 1376 a
1053 1314 1239 1392 Draconte,
1275 1335 1341 1378 non
1377 1315 1515 1397 quidem
1551 1314 1646 1392 dicit,
1686 1329 1720 1378 at
1757 1313 1784 1377 si
1820 1330 1912 1376 recte
1946 1313 2030 1378 vidit

327 1437 694 1521 Wilamowitzius1)
711 1475 755 1483 —
771 1454 805 1501 et
829 1460 884 1500 me
908 1456 1000 1501 certe
1024 1438 1135 1501 iudice
1158 1455 1252 1502 recte
1276 1439 1343 1503 hoc
1366 1438 1484 1522 vidit‘J)
1501 1477 1542 1484 -
1557 1462 1604 1503 ex
1628 1459 1698 1503 uno
1722 1439 1915 1520 eodemque
1939 1438 2032 1502 sonte

326 1584 481 1627 manasse
505 1584 596 1645 quae
620 1563 664 1626 de
689 1565 862 1627 Draconte
887 1581 919 1628 et
944 1585 1033 1647 quae
1057 1565 1101 1627 de
1126 1563 1299 1626 calumniis
1331 1579 1452 1627 contra
1475 1562 1639 1626 Solonem
1669 1563 1816 1648 legimus
1847 1564 1878 1626 in
1909 1562 2031 1626 Politia

325 1688 593 1766 Atheniensium,
623 1710 733 1771 eoque
762 1688 880 1753 libello
904 1690 1018 1753 nescio
1043 1709 1114 1771 quo
1138 1688 1349 1774 oligarchiae
1373 1690 1520 1766 favente,
1544 1689 1570 1753 si
1595 1689 1698 1774 igitur
1723 1689 1768 1753 ita
1789 1711 1827 1752 se
1843 1710 1899 1752 res
1915 1688 2030 1766 habet,

326 1815 370 1877 ab
396 1813 464 1878 ulla
498 1814 664 1878 abhorret
698 1815 989 1879 verisimilitudine
1022 1837 1067 1876 ex
1101 1813 1169 1877 alio
1197 1815 1291 1877 fonte
1315 1835 1392 1878 esse
1417 1814 1540 1877 hausta
1564 1834 1653 1896 quae
1683 1815 1727 1876 de
1756 1813 2030 1877 adversariorum

326 1941 464 2005 Solonis
488 1940 613 2005 iudicio
637 1941 669 2003 in
692 1941 758 2004 hoc
783 1939 1000 2005 Politicorum
1025 1940 1139 2022 capite
1162 1939 1397 2023 reserunturl).
1445 1941 1550 2019 Quod
1574 1955 1688 2004 autem
1707 1940 1737 2001 in
1754 1939 1862 2003 altera
1879 1938 2031 2002 eiusdem

254 2068 258 2077 '
326 2068 448 2151 capitis
472 2085 571 2150 parte
595 2067 759 2149 scriptum
778 2083 828 2130 est
850 2067 953 2150 1274l’
975 2087 1011 2148 15
1025 2086 1078 2148 sq.
1125 2066 1299 2152 Δράκοντος
1322 2069 1356 2131 δὲ
1379 2067 1465 2150 νόμοι
1490 2065 1544 2150 μέν
1567 2059 1635 2148 εἰσὶ,
1659 2066 1798 2152 πολιτείᾳ
1821 2063 2031 2150 δ’ὑπαρχοὺσῃ

327 2197 399 2270 τοὺς
421 2195 532 2276 νόμους
555 2195 683 2276 ἔθηκεν,
708 2192 774 2254 hoc
798 2193 935 2275 quidem
959 2191 1114 2255 obstaret
1140 2191 1216 2254 huic
1241 2190 1537 2276 argumentationi,
1549 2190 1577 2254 si
1601 2191 1687 2254 hanc
1702 2190 1812 2254 solam
1829 2190 1877 2254 ob
1894 2211 2031 2252 causam

326 2334 434 2381 totam
460 2317 544 2380 hanc
569 2334 702 2400 partem
731 2327 834 2400 1274*
859 2318 1009 2381 22—1126
1033 2317 1078 2380 ab
1102 2313 1293 2380 Aristotele
1316 2315 1513 2380 abiudicare
1537 2315 1715 2394 vellemus,
1745 2331 1779 2379 at
1804 2315 1888 2379 alias
1917 2317 2032 2399 potius

327 2459 471 2525 propter
495 2462 627 2520 causae,
652 2444 696 2505 de
721 2443 845 2526 quibus
868 2445 900 2506 in
924 2444 1043 2505 harum
1073 2440 1310 2524 quaestionum
1342 2457 1431 2523 part.
1464 2441 1486 2504 l.
1512 2461 1545 2523 p.
1571 2440 1656 2504 XVl
1679 2462 1731 2523 sq.
1757 2441 1877 2504 iterum
1909 2440 1963 2526 egi
1998 2457 2032 2504 et

327 2568 396 2632 alio
419 2567 498 2631 loco
522 2584 639 2632 contra
664 2565 1044 2650 Wilamowitzium4)
1070 2567 1182 2630 denuo
1200 2577 1312 2650 agam,
1331 2587 1395 2647 pro
1410 2565 1534 2648 spuriis
1552 2565 1709 2629 habenda
1726 2588 1802 2630 esse
1818 2567 1903 2630 haec
1920 2567 2032 2630 omnia

327 2697 457 2759 dudum
481 2694 688 2758 intellectum
713 2710 797 2772 erat,
822 2709 1004 2776 antequam
1028 2693 1251 2776 detegeretur
1276 2690 1418 2754 Politiae
1443 2689 1698 2755 Atheniensium
1723 2693 1916 2776 exemplar:
1946 2713 2031 2778 ergo

328 2836 457 2884 tantum
481 2819 590 2895 abest,
617 2835 652 2882 ut
677 2819 729 2883 his
754 2819 868 2883 verbis
892 2817 1145 2902 argumentatio
1169 2817 1226 2880 illa
1259 2817 1453 2894 infirmetur,
1486 2832 1523 2881 ut
1556 2816 1613 2881 illa
1646 2819 1762 2900 potius
1796 2819 1953 2882 iudicium
1988 2821 2032 2883 de

329 2961 402 3009 tota
426 2946 490 3007 hac
513 2943 635 3027 capitis
659 2959 758 3026 parte
781 2943 873 3008 haud
898 2964 1018 3026 parum
1044 2944 1271 3006 confirmetur.
1317 2941 1355 3006 Si
1379 2959 1493 3005 autem
1519 2942 1670 3006 libellum
1695 2943 1788 3008 illum
1812 2946 1878 3008 iam
1898 2945 2032 3029 legerat

329 3068 547 3146 Aristoteles,
572 3091 647 3132 cum
673 3085 895 3152 componeret
919 3090 970 3147 ea,
996 3067 1141 3150 quaein
1165 3067 1318 3152 genuinis
1343 3068 1494 3132 eiusdem
1523 3069 1645 3151 capitis
1677 3071 1793 3134 verbis
1825 3072 1869 3133 de
1903 3070 2033 3134 Solone

308 3195 482 3278 „protulit,
507 3195 699 3277 composita
723 3215 764 3258 ea
788 3215 864 3258 esse
889 3209 968 3276 post
1001 3193 1156 3257 Politiam
1189 3209 1347 3275 apparet,
1381 3215 1456 3256 cum
1490 3192 1521 3256 in
1557 3194 1621 3257 hac
1656 3215 1746 3276 quae
1782 3196 1825 3258 de
1863 3201 2033 3259 Draconte

328 3321 516 3384 afferuntur
554 3319 746 3403 posteriore
780 3320 918 3382 demum
954 3341 1034 3382 cura
1074 3319 1210 3382 adiecta
1252 3340 1329 3382 esse
1362 3317 1538 3403 constet5).
1602 3319 1747 3384 Accedit
1779 3322 1872 3403 quod
1905 3322 1937 3384 in
1969 3322 2033 3385 hac

329 3443 396 3528 (25.
422 3465 473 3529 27,
489 3443 517 3528 ι)
543 3443 632 3506 haud
658 3462 750 3508 recte
774 3461 929 3507 narratur
952 3466 972 3506 a
996 3443 1183 3508 coniunctis
1207 3443 1441 3508 Themistocle
1465 3461 1498 3508 et
1524 3444 1684 3528 Ephialte
1708 3463 1902 3529 posteaque
1919 3448 2032 3512 denuo

328 3593 349 3633 a
367 3568 507 3648 Pericle,
533 3585 651 3632 contra
674 3568 706 3631 in
723 3568 873 3632 Politicis
890 3584 983 3632 recte
1003 3569 1048 3632 ab
1064 3567 1225 3650 Ephialte
1241 3586 1274 3633 et
1292 3568 1432 3646 Pericle,
1457 3587 1490 3633 et
1508 3592 1572 3634 una
1588 3571 1737 3652 quidem,
1763 3586 1799 3634 ut
1817 3572 1963 3648 videtur,
1987 3575 2033 3636 ab

329 3695 501 3758 ambobus
518 3694 723 3758 deminutam
740 3715 816 3758 esse
834 3693 1014 3778 Areopagi
1032 3707 1254 3776 potestatem:
1278 3695 1407 3760 transiit
1424 3697 1528 3780 igitur
1545 3696 1773 3780 philosophus
1789 3720 1809 3760 a
1826 3699 1971 3763 veritate
1988 3701 2031 3763 ad

330 3841 492 3896 errorem,
516 3820 545 3884 si
561 3819 655 3897 illud,
680 3821 725 3882 ab
744 3840 861 3883 errore
877 3820 921 3883 ad
939 3818 1129 3896 veritatem,
1153 3819 1182 3883 si
1198 3821 1263 3884 hoc
1283 3822 1473 3903 posteriore
1491 3839 1647 3905 tempore
1663 3823 1809 3905 scripsit,
1834 3840 2033 3908 certumque

330 3945 467 4029 quidem
485 3965 551 4008 non
568 3960 630 4020 est,
647 3961 682 4007 at
700 3943 913 4007 verisimilius
926 3960 1036 4006 tamen
1055 3945 1142 4006 hunc
1156 3947 1343 4024 transitum,
1361 3969 1426 4011 non
1443 3947 1535 4011 illum
1553 3969 1629 4013 esse
1645 3949 1690 4012 ab
1708 3969 1750 4011 eo
1766 3949 1902 4012 factum.
1928 3951 2032 4028 Quod

330 4085 444 4133 autem
462 4069 631 4132 deforma
648 4068 795 4132 civitatis
813 4089 833 4130 a
850 4068 1023 4132 Draconte
1039 4068 1221 4133 constituta
1246 4071 1276 4133 in
1294 4071 1443 4135 Politicis
1467 4074 1582 4150 tacuit,
1607 4073 1741 4136 tametsi
1759 4095 1832 4136 eam
1858 4075 2032 4157 cognovit,

330 4215 395 4258 non
420 4211 472 4258 est
495 4195 699 4258 mirandum:
737 4215 914 4257 recensere
947 4195 1032 4257 enim
1067 4193 1139 4258 vult
1172 4195 1203 4258 in
1238 4195 1305 4260 hoc
1337 4196 1448 4261 altero
1476 4198 1575 4262 huius
1599 4198 1715 4281 operis
1739 4199 1827 4263 libro
1852 4201 2033 4265 dumtaxat

493 4443 511 4510 ¹)
532 4445 690 4496 Aristoteles
710 4445 762 4495 und
782 4447 876 4508 Athen,
897 4447 985 4496 Berol.
1008 4450 1084 4510 1893.
1103 4448 1122 4498 1.
1142 4464 1167 4512 p.
1187 4451 1221 4498 ⁶2
1232 4464 1292 4512 sqq.
1314 4451 1346 4510 76
1357 4463 1418 4512 sqq.
1443 4452 1486 4497 161
1499 4463 1560 4511 sqq.

491 4533 511 4600 ²)
531 4535 577 4586 Sic
597 4535 694 4585 iudicat
714 4537 792 4584 etiam
812 4535 865 4585 Ed.
885 4537 997 4600 Meyer
1017 4537 1042 4586 in
1062 4540 1220 4588 recensione
1239 4536 1299 4587 libri
1314 4536 1543 4588 Wilamowitziani
1559 4539 1618 4589 Litt.
1634 4538 1776 4588 Centralbl.
1795 4543 1869 4602 1894.
1883 4555 1909 4604 p.
1923 4554 1952 4602 75
1964 4556 2033 4604 sqq,

331 4641 490 4690 quamquam
509 4643 558 4674 suo
578 4626 634 4674 iure
654 4635 733 4688 negat
757 4627 822 4674 satis
846 4624 1050 4676 demonstratum
1076 4643 1137 4676 esse
1160 4643 1176 4676 a
1201 4627 1455 4676 Wilamowitzlo
1482 4628 1499 4677 1.
1519 4642 1545 4691 p.
1570 4630 1616 4688 165
1636 4643 1698 4692 sqq.
1734 4628 1926 4677 Theramenem
1952 4628 2034 4678 luisse

330 4715 399 4764 illius
418 4713 502 4764 libelli
522 4715 689 4778 scriptorem.

490 4801 513 4862 ³)
533 4805 617 4868 ipsius
637 4804 864 4854 Wilamowitzi
885 4806 903 4855 1.
924 4821 950 4869 p.
971 4819 1003 4868 74
1023 4805 1173 4855 adscrlbam
1193 4805 1290 4857 verba:
1317 4806 1377 4864 ,dle
1396 4806 1497 4856 Tadler
1515 4805 1614 4856 Solous
1640 4809 1665 4856 in
1690 4806 1737 4856 der
1762 4806 1860 4856 Politik
1884 4806 1943 4854 sind
1967 4822 2034 4870 ganz

330 4892 452 4942 offenbar
472 4891 609 4942 diuselben
629 4893 788 4958 βλασφημεῖν
807 4895 967 4958 βουλόμενοι,
987 4896 1032 4944 mit
1052 4894 1137 4945 denen
1158 4896 1201 4946 die
1220 4895 1315 4946 Politie
1333 4896 1389 4944 sich
1410 4895 1658 4960 auseinandersetzt,
1685 4895 1752 4944 denn
1776 4909 1808 4944 au
1833 4893 1929 4946 beiden
1950 4897 2033 4946 Ortcn

330 4982 396 5030 wird
416 4981 540 5032 dersclbe
561 4983 686 5031 Vorwurl
702 4983 806 5033 hhnlich
826 4985 1088 5046 zuruckgewlesent.

489 5069 727 5136 ⁴)1·r›·⁶4snn·

490 5159 511 5226 ⁵)
530 5161 561 5212 V.
582 5161 808 5216 Wilamowitz.
829 5164 846 5216 l.
867 5179 893 5230 p.
914 5179 999 5228 49sq.
1019 5178 1123 5230 sysqq.
