4820 5922
1116 353 1187 428 XX

450 573 492 626 21.
512 569 554 640 μίν
567 569 696 637 ποιοῦνται]
715 568 835 620 ποιοῦνται
847 563 911 634 pto?
930 563 1030 618 Susem.
1044 564 1058 630 ΙΙ
1067 563 1110 616 25.
1128 557 1280 630 τυγχάνωσιν
1289 563 1325 614 Αῦ
1342 563 1370 613 et
1383 561 1442 612 tort.
1456 558 1476 609 Σ
1488 561 1501 625 ΙΙ
1511 556 1619 608 τοιαῦται
1629 553 1688 608 add.
1708 551 1753 622 ΣΙΙ
1763 553 1801 622 τῷ
1813 545 1881 620 αὐτῷ’
1897 547 1924 600 ot
1942 547 2035 618 ῥυθμῷ

285 660 312 724 Σ,
332 655 402 728 αὐτῷ
419 657 447 710 δὲ
465 660 502 728 τῷ
520 657 612 727 ῥυθμῷ
632 657 759 726 μιμοῦνται
776 658 827 716 Ac,
847 653 974 722 μιμοῦνται
990 652 1130 704 delendum
1149 667 1205 704 ease
1223 651 1373 703 oouieeerat
1392 644 1508 714 Spengel
1519 643 1585 710 1127.
1599 637 1626 710 ἠ]
1649 639 1672 692 οἱ
1690 641 1726 692 Αῦ
1744 632 1916 706 ΙΙόρχηστρῶν
1935 636 2032 704 ΣΙῙ29.

284 743 393 797 {rezeda
402 741 548 815 antespe'voo
561 745 620 798 add.
634 747 669 798 Δθ
689 745 703 812 ΙΙ
719 737 821 808 ἧμλοῖς
833 743 882 798 τοῖς
894 734 962 804 volni
981 741 1029 798 τοῖς
1042 738 1117 806 ψιλοῖς
1134 739 1166 791 ei.
1180 737 1284 790 Vahlen
1296 738 1310 804 ΙΙ
1322 735 1433 789 utiba.
1450 725 1576 798 ἀνώνυμος
1586 731 1627 794 tut
1640 726 1789 782 coniecerat
1798 725 1927 793 Bernays)
1937 722 1995 777 add.
2005 723 2032 774 Σ.

452 851 498 914 Eo
521 855 626 914 tamen
648 851 750 934 magis
771 849 847 930 pute
869 849 953 908 recte
974 844 1053 908 mihi
1076 843 1159 906 edita
1182 860 1253 905 esse
1271 839 1367 904 verba
1390 837 1566 920 sequentia,
1579 853 1660 916 quae
1681 835 1757 896 item
1772 849 1857 894 nuno
1878 832 2033 911 repetam:

433 968 527 1032 latit
1154 953 1316 1046 οὐδὲνγὰρ
1338 953 1374 1020 ἄν

496 1091 534 1156 10
581 1093 700 1174 ἔχοιμεν
722 1079 868 1173 ὀνομάσαι
890 1080 986 1148 κοινὸν
1007 1079 1078 1157 τοὺς
1101 1073 1260 1168 Σώφρονος
1281 1081 1331 1141 καὶ
1352 1067 1500 1164 Ξενάρχου
1521 1075 1569 1160 μί-

570 1231 642 1294 μους
663 1209 713 1268 καὶ
734 1201 804 1278 τοὺς
825 1197 1040 1289 Σωκρατικοὺς
1060 1191 1170 1284 λόγους
1191 1191 1262 1261 οὐδὲ
1283 1203 1374 1272 εἴτις
1396 1188 1446 1259 διὰ
1466 1193 1630 1281 τριμέτρων
1656 1187 1706 1260 <i

578 1319 780 1412 ἑξαμέτρων)
807 1321 827 1393 ἦ
850 1323 989 1408 ἐλεγείων
1009 1317 1028 1390 ἦ
1050 1325 1113 1382 τῶν
1135 1315 1237 1380 ἄλλων
1258 1323 1346 1380 τινῶν
1367 1322 1430 1379 τῶν
1450 1305 1598 1378 τοιούτων
1618 1319 1712 1372 ποιοῖ-

497 1448 537 1510 20
580 1469 617 1508 το
639 1439 695 1514 τὴν
717 1446 845 1530 μίμησιν,
868 1437 977 1527 ὁμοίως
998 1431 1033 1502 δὲ
1054 1434 1110 1500 aeia
1131 1442 1221 1512 εἴτις
1241 1434 1360 1500 ἅπαντα
1381 1431 1422 1499 τοί
1444 1437 1538 1522 μέτρα
1559 1421 1690 1518 μιγνύων

579 1569 703 1646 [ποιοῖτο
724 1559 780 1634 τὴν
802 1563 941 1648 μίμησιν],
963 1551 1101 1646 καθάπερ
1123 1550 1287 1645 Χαιρήμων
1309 1558 1427 1628 ἐποίησε
1449 1555 1617 1642 Κένταυρον

498 1687 536 1749 13
581 1680 699 1770 [μικτὴν
718 1675 879 1770 ῥαψῳδίαν]
902 1673 936 1754 ἐξ
956 1671 1097 1743 ἁπάντων
1118 1684 1181 1741 τῶν
1199 1677 1322 1765 μέτρων.
1344 1673 1422 1749 πλὴν
1440 1684 1466 1739 ot

577 1799 729 1890 ἄνθρωποί
748 1825 784 1888 γε
806 1793 1002 1874 συνάπτοντες
1021 1803 1067 1880 τῷ
1089 1799 1187 1884 μέτρῳ
1206 1793 1243 1862 τὸ
1264 1809 1355 1862 ποιεῖν
1375 1800 1556 1884 ἐλεγειοποι-

578 1920 628 1999 οὺς
648 1917 718 1997 τοὺς
740 1914 774 1984 δὲ
795 1913 951 1993 ἐποποιοὺς
971 1910 1173 2004 ὀνομάζουσιν,
1196 1916 1252 2005 οὐχ
1272 1913 1313 1992 ὡς
1333 1913 1414 1980 κατὰ
1435 1912 1490 1987 τὴν
1511 1919 1601 2003 μίμη-

499 2046 537 2108 15
582 2069 626 2107 σιν
642 2037 768 2117 ποιητὰς
788 2035 870 2103 ἀλλὰ
892 2045 974 2122 κοινῖΙι
997 2033 1137 2101 κατὰτὸ
1159 2038 1265 2126 μέτρον
1286 2029 1562 2125 προσαγορεύοντες.

1022 2150 1104 2222 συιὸν
1126 2183 1157 2220 τι
1179 2151 1229 2221 διὰ
1249 2163 1312 2221 τῶν
1334 2157 1450 2246 μέτρων
1471 2158 1560 2245 ἐκμέ-

580 2308 675 2371 ρωσιν,
698 2281 778 2345 οὕτω
800 2285 901 2344 καλεῖν
923 2271 1073 2342 εἰώθασιν.
1097 2270 1183 2341 οὐδὲν
1205 2271 1240 2341 δὲ
1261 2269 1358 2341 κοινόν
1380 2279 1461 2341 ἐστιν
1477 2271 1576 2364 Ὀμή-

580 2427 620 2492 ρῳ
644 2406 694 2467 καὶ
710 2393 920 2488 Ἐμπεδοκλεῖ
939 2395 1017 2470 πλὴν
1037 2395 1075 2462 τὸ
1098 2399 1217 2486 μέτρον·
1241 2390 1288 2460 διὸ
1309 2393 1362 2460 τὸν
1383 2395 1436 2483 μὲν
1456 2393 1583 2469 ποιητὴν
1604 2392 1649 2462 δί-

496 2525 536 2589 22
579 2547 664 2586 καιον
684 2526 794 2600 καλεῖν,
814 2515 868 2586 τὸν
890 2513 925 2582 δὲ
947 2511 1126 2606 φυσιολόγον
1147 2522 1263 2605 μᾶλλον
1285 2513 1304 2588 ἢ
1325 2513 1452 2589 ποιητὴν
1473 2522 1535 2600 [καὶ
1555 2545 1619 2583 ποι-

579 2638 663 2724 ητὴν]
683 2640 943 2731 προοαγορευτέον.

458 2766 486 2816 11
507 2755 532 2828 zi,
555 2759 692 2831 ἑξαμέτρων
709 2777 781 2816 nuno
799 2759 858 2815 add.
877 2761 988 2824 Susam„
1005 2759 1130 2814 similiter
1147 2761 1227 2812 antea
1245 2757 1346 2811 Susem.
1366 2762 1393 2811 et
1407 2756 1552 2828 Ueberweg
1563 2763 1576 2829 i!
1587 2762 1628 2816 20.
1648 2759 1738 2832 ὁμοίως
1752 2793 1784 2802 -
1797 2763 1840 2817 22.
1859 2761 1954 2834 μέτρων
1972 2763 2034 2814 ante

292 2851 330 2904 13.
349 2843 413 2915 πλὴν
430 2849 507 2918 eitri.
526 2851 628 2904 Susam.
640 2850 706 2919 li21.
724 2852 816 2901 ποιοῖτο
834 2843 879 2914 τὴν
896 2848 994 2919 μίμησιν
1006 2848 1068 2902 secl.
1082 2847 1182 2901 sinen.
1195 2849 1208 2912 il
1219 2846 1261 2898 22.
1281 2839 1366 2916 μικτὴν
1383 2861 1433 2898 om.
1453 2845 1480 2912 Σ,
1498 2841 1582 2917 μικτὴν
1599 2848 1724 2920 ῥαμῳὸίαν
1744 2851 1806 2904 seel.
1824 2849 1981 2918 Tyrwhittll
1996 2849 2034 2902 14.

287 2931 350 2989 κατὰ
367 2929 412 3004 τὴν
430 2937 485 2992 cod.
506 2937 674 3006 Guelpherb,
692 2931 737 3003 τὴν
761 2929 824 2988 κατὰ
848 2937 884 2989 Δΰ
903 2937 968 3002 1116.
1004 2929 1101 3004 φυσικίν
1126 2933 1145 2985 Σ
1173 2933 1334 2998 (coniecerat
1351 2933 1496 3000 Heinsius),
1524 2929 1637 3005 μουσικὸν
1662 2938 1699 2990 Αΰ
1715 2937 1776 3006 Ιί22.
1798 2939 1839 2989 καλ
1854 2930 1956 3002 ποιητὴν
1972 2937 2035 2991 seel.

289 3026 399 3089 Susam,
417 3026 558 3092 καῖ<τοι>
578 3017 679 3090 aerario
703 3025 909 3094 transpositione
928 3039 987 3077 mea
1012 3023 1151 3093 repudiata
1169 3037 1305 3091 perperam
1333 3037 1417 3090 nuper
1451 3021 1552 3087 (eodem
1578 3029 1697 3092 tempore
1722 3039 1782 3077 enm
1808 3023 1974 3094 Gemperaie)
2001 3023 2034 3078 oi.

287 3114 389 3166 amiens
408 3129 481 3166 meus
498 3113 648 3176 Bassoriua
676 3113 722 3182 qni
739 3129 772 3164 ne
798 3111 941 3180 inspexisse
958 3111 1064 3181 quidem
1083 3109 1187 3163 videtur
1204 3109 1347 3163 editionem
1366 3123 1452 3162 meam
1470 3125 1554 3178 neque
1570 3110 1667 3178 legisse
1689 3109 1805 3180 quaeda
1824 3110 1875 3165 hae
1891 3127 1918 3163 re
1942 3106 2037 3180 seripai

288 3201 356 3252 Ann.
376 3199 467 3268 philol.
487 3199 542 3253 CV.
564 3198 637 3252 1872.
657 3215 681 3267 p.
700 3199 752 3251 323
769 3215 808 3267 sq.
826 3197 975 3252 Jahresber.
993 3195 1081 3251 XVH.
1100 3213 1125 3266 p.
1139 3197 1189 3250 284
1207 3213 1246 3265 sq.
1264 3213 1290 3250 n.
1309 3197 1351 3260 58,
1369 3200 1441 3250 eerte
1459 3212 1556 3250 aenon
1573 3197 1715 3266 reputavit.

454 3301 505 3366 Sic
528 3303 614 3365 enim
636 3300 838 3364 confirmatur
858 3295 926 3387 (γὰρ
950 3298 1045 3363 litii
1068 3301 1098 3380 9)
1121 3299 1198 3362 illud
1232 3293 1382 3386 ἀνώνυμος
1422 3293 1614 3388 τυγχάνουσα
1646 3302 1733 3388 peppo
1758 3307 1814 3366 τοῦ
1845 3307 1893 3366 νῦν
1926 3309 1957 3367 et
1989 3305 2035 3367 sic

289 3425 422 3503 tantum,
445 3423 472 3484 si
494 3440 628 3485 omnes
651 3421 834 3490 huiusmodi
855 3439 991 3504 poeseos
1014 3423 1138 3504 speeies
1154 3425 1390 3504 enumerantur,
1411 3425 1506 3486 etiam
1520 3424 1789 3506 hexametrieetet
1803 3425 1881 3488 haee
1905 3425 2034 3509 quidem

288 3543 461 3624 inprimist)
487 3546 519 3604 et
540 3543 640 3604 mixta
661 3560 679 3604 e
701 3541 837 3605 diversis
858 3539 1016 3622 uersibus
1038 3545 1071 3604 et
1092 3541 1137 3604 sie
1159 3546 1282 3606 tantum
1297 3543 1524 3626 intellegimus
1546 3545 1703 3626 quomodo
1718 3550 1784 3609 orta
1800 3547 1864 3608 sint
1884 3565 1914 3607 ν,
1931 3545 1970 3606 22
1987 3560 2033 3629 sq.

289 3664 339 3724 καὶ
359 3655 485 3731 ποιητὴν
515 3661 768 3748 προσαγορευτέον
798 3681 885 3725 nune
917 3661 982 3726 ullo
1011 3681 1084 3725 eum
1118 3662 1380 3745 praecedentibus
1412 3681 1500 3727 nexu
1531 3663 1649 3728 orbata:
1681 3667 1799 3729 omissa
1829 3669 1918 3728 erant
1939 3664 2036 3729 verba

293 3784 415 3847 13-19
436 3777 514 3852 πλὴν
536 3819 575 3829 -
598 3785 729 3866 μᾶλλον,
757 3786 865 3866 postea
886 3784 919 3845 in
944 3785 1087 3866 margine
1110 3782 1216 3847 addita
1242 3787 1273 3847 et
1298 3803 1353 3868 per
1381 3803 1518 3848 errorem
1548 3785 1678 3868 quidem
1700 3805 1765 3849 una
1787 3805 1859 3849 eum
1882 3788 2037 3870 proximis

291 3902 416 3968 duobus
437 3899 456 3974 ἡ
478 3895 604 3970 ποιητὴν
625 3903 657 3964 ίι]
681 3901 850 3984 archetypo
866 3905 1056 3986 antiquiore,
1078 3904 1165 3966 unde
1187 3905 1220 3966 in
1243 3907 1333 3966 textu
1354 3907 1491 3988 reposita
1511 3905 1642 3990 quidem
1658 3909 1743 3987 sunt,
1766 3905 1822 3970 sed
1846 3925 1964 3970 nevum
1985 3927 2041 3991 per

292 4044 429 4088 errorem
450 4025 529 4088 falso
549 4022 617 4085 loeo
638 4023 671 4084 in
694 4022 874 4105 apographo
896 4025 967 4087 eius
988 4025 1084 4108 panio
1099 4025 1283 4106 recentiore,
1306 4025 1389 4108 quod
1404 4028 1435 4088 et
1451 4025 1477 4087 Σ
1492 4030 1522 4088 et
1539 4027 1580 4090 A⁰
1595 4025 1740 4089 codicum
1762 4027 1826 4088 iam
1848 4031 1913 4090 erat
1934 4027 2041 4091 arohe-

293 4155 398 4229 typus.
442 4143 506 4208 Sua
530 4145 563 4206 in
587 4142 662 4206 sede
690 4144 736 4206 sie
757 4149 941 4207 manserant
964 4139 983 4214 ἡ
1014 4138 1139 4214 ποιητὴν
1160 4143 1425 4230 προσαγορευτέον,
1457 4146 1513 4208 sed
1536 4165 1574 4208 eo
1597 4145 1721 4208 facilius
1751 4152 1863 4228 postea
1884 4148 1986 4229 potuit
2007 4149 2040 4210 iu

293 4267 339 4328 eis
357 4260 377 4334 ἢ
399 4266 432 4328 in
445 4266 495 4325 καὶ
508 4267 674 4348 eorrumpi.
710 4263 876 4327 Praeterea
899 4265 945 4327 sio
966 4263 1096 4349 quide'm
1117 4283 1198 4348 opus
1220 4269 1296 4347 erat,
1318 4269 1353 4328 ut
1374 4268 1496 4348 speeies
1512 4264 1622 4328 saltem
1646 4267 1798 4328 existeret
1818 4270 2041 4350 grammaticae

293 4387 549 4466 constructionis
570 4387 602 4447 in
626 4405 655 4446 v.
673 4385 711 4445 21
737 4403 806 4446 ον.
832 4383 870 4446 12
896 4389 1036 4467 repetere
1057 4394 1172 4448 ποιοῖτο
1203 4379 1259 4455 τὴν
1280 4385 1408 4470 μίμησιν.
1451 4381 1529 4446 Mihi
1549 4383 1625 4446 haee
1648 4384 1796 4449 videntur
1827 4392 1917 4451 extra
1944 4388 2042 4452 ullam

294 4505 521 4568 dubitationem
543 4506 654 4588 posita,
686 4497 878 4587 quamquam
902 4504 1016 4567 frustra
1039 4505 1141 4568 adhue
1163 4525 1199 4569 ea
1222 4505 1357 4588 exposui
1381 4504 1453 4567 aliis
1475 4505 1552 4568 loeis
1575 4510 1606 4568 et
1629 4505 1815 4570 confirmare
1837 4507 1960 4589 studui,
1983 4529 2042 4573 nee

296 4645 382 4688 nuno
404 4625 530 4708 quidem
555 4643 645 4708 spero
669 4624 815 4688 meliora:
837 4628 970 4708 pergent
992 4627 1091 4686 nostri
1113 4627 1263 4710 temporis
1286 4627 1346 4688 viri
1367 4625 1449 4688 deeti
1470 4625 1648 4690 sinedubio
1664 4627 1801 4690 rationes
1824 4647 1910 4691 anre
1931 4629 2042 4693 alietas

296 4747 422 4808 silentio
443 4748 687 4828 praetermittere
710 4749 741 4807 et
763 4743 867 4807 iocum
889 4749 1070 4827 corruptum
1094 4747 1188 4808 etiam
1207 4747 1309 4829 magis
1328 4765 1528 4830 corrumpere
1542 4749 1635 4810 uanis
1651 4749 1842 4832 coniecturis
1857 4752 1911 4812 aut
1932 4749 2043 4814 tradita

296 4863 463 4928 defendere
487 4867 656 4948 exquisitis
678 4863 833 4928 artificiis:
867 4883 925 4947 ego
955 4883 1021 4928 rem
1053 4868 1200 4946 pemritto
1222 4869 1410 4950 posteritati:
1438 4868 1565 4930 tandem
1592 4865 1762 4948 aliquando
1788 4869 1896 4930 vincat
1918 4872 2040 4934 veritas.

295 4983 367 5047 Non
391 4984 476 5047 soleo
499 4988 561 5047 tam
584 4984 780 5048 confidenter
800 4984 888 5067 loqui
911 4983 1004 5064 (beno
1027 4985 1113 5046 enim
1137 4989 1214 5068 seio,
1238 5006 1333 5069 quam
1356 5007 1451 5070 saepe
1480 5007 1542 5049 non
1566 4985 1658 5049 modo
1686 4987 1756 5069 ipse
1778 4991 1964 5075 erraverim,
1986 4991 2042 5060 sed

297 5106 390 5166 etiam
414 5106 473 5167 viri
494 5123 545 5167 me
569 5105 667 5168 multo
690 5105 927 5189 prudentiores),
951 5109 1086 5168 atamen
1111 5105 1168 5168 troo
1193 5105 1260 5170 loeo
1283 5109 1350 5190 ipsa
1370 5127 1419 5170 res
1442 5105 1471 5168 id
1495 5105 1639 5188 postulat.
