4850 5918
1268 355 1319 418 XI

1187 444 1399 454 ——-..

404 557 405 560 ¹
442 587 571 652 genera
595 566 823 652 prologorum
847 567 879 631 in
904 567 954 631 eis
978 567 1285 650 deprehendantur,
1317 567 1527 632 nihilominus
1559 583 1739 651 utramque
1764 570 1905 634 formam
1929 589 2057 652 sapere
2080 568 2149 632 imi-

385 677 398 698 ‘
442 692 605 757 tationem
628 690 856 777 prologorum
881 691 1137 777 tragoediarum
1162 707 1537 775 contemporanearum.
1584 693 1725 758 Praeter
1748 694 1867 758 drama
1889 692 1985 772 illud,
2010 694 2054 758 de
2079 713 2149 775 quo

442 817 508 881 iam
524 837 630 900 supra
646 815 782 882 locutus
802 837 887 896 sum,
913 817 1014 881 etiam
1039 818 1128 881 duae
1152 816 1241 882 aliae
1265 817 1392 887 Cratini
1417 817 1555 882 fabulae
1580 818 1729 882 nondum
1752 818 1927 882 habebant
1951 817 2148 903 prologum,

441 941 503 1005 sed
527 940 733 1024 incipiebant
756 961 776 1004 a
800 941 946 1024 parodo,
970 941 1125 1008 Βουπάλοι
1149 957 1182 1006 et
1206 940 1420 1028 ’οδυσσῆς37),
1456 959 1489 1008 et
1522 943 1588 1008 iam
1619 929 1718 1006 hanc¹
1736 943 1782 1007 ob
1814 963 1953 1008 causam
1987 963 2045 1007 eas
2069 944 2149 1007 anti·

441 1063 619 1148 quioribus
644 1079 770 1148 poetae
794 1065 981 1130 comoediis
1006 1067 1278 1133 adnumerandas
1312 1089 1388 1133 esse
1412 1083 1511 1152 puto,
1546 1068 1682 1152 iamque
1712 1083 1895 1150 antequam
1924 1066 1997 1131 ludi
2029 1067 2149 1132 comici

440 1188 519 1253 iacti
547 1189 611 1253 sint
642 1187 781 1272 publica
811 1189 985 1268 institutio,
1019 1187 1223 1274 plerumque
1254 1192 1412 1279 prologis
1443 1194 1625 1257 instructas
1656 1192 1761 1256 fuisse
1785 1191 1993 1270 comoedias,
2018 1191 2143 1255 omnia·
2179 1209 2183 1220 ¹

440 1333 509 1396 que
533 1313 619 1378 baec
642 1314 796 1378 membra
819 1314 885 1378 iam
910 1329 1011 1380 antea
1043 1315 1182 1381 exculta
1213 1318 1471 1401 quodammodo
1507 1317 1610 1381 fuisse
1645 1317 1723 1380 inde
1757 1331 1914 1399 apparet,
1951 1317 2047 1398 quod
2082 1315 2148 1379 iarn

442 1437 650 1504 Aristoteles
666 1439 818 1518 nescivit,
843 1439 920 1524 quis
936 1439 1105 1524 prologos
1126 1441 1255 1524 primus
1280 1443 1465 1508 comoediis
1482 1441 1607 1506 Atticis
1631 1438 1903 1525 praemiserit-ll).
1940 1441 2009 1504 lam
2026 1438 2148 1519 elucet,

441 1585 502 1628 cur
524 1564 618 1647 apud
643 1585 720 1628 eum
743 1567 915 1652 προλόγους
938 1565 995 1630 vel
1018 1567 1173 1653 πρόλογον
1196 1569 1402 1632 servandum
1423 1567 1591 1650 aliterque
1613 1580 1718 1649 atque
1741 1563 1952 1649 periclitatus
1977 1579 2027 1628 est
2051 1565 2148 1629 Her·

442 1708 606 1752 mannus
634 1687 748 1754 locum
779 1690 850 1754 eius
882 1688 975 1754 illurn
1007 1691 1247 1776 corrigendum
1280 1713 1355 1757 esse
1386 1692 1617 1757 indicaverim.
1664 1690 1800 1784 Statum
1824 1690 1924 1755 huius
1948 1690 2149 1754 comoediae

439 1813 692 1878 vetustissimae
707 1813 785 1878 inde
808 1812 852 1879 ab
877 1834 964 1879 anno
988 1817 1060 1880 iere
1083 1835 1148 1900 5²0
1172 1837 1283 1900 usque
1306 1818 1350 1882 ad
1375 1837 1498 1881 annum
1522 1815 1593 1880 fere
1616 1819 1683 1897 480
1706 1816 1956 1898 quadamtenus
1979 1813 2148 1879 illustrant

439 1951 511 2002 tres
534 1937 689 2022 picturae
705 1958 867 2004 vasorum
883 1939 1044 2019 fictilium,
1070 1940 1115 2005 de
1139 1941 1264 2025 quibus
1288 1956 1365 2025 post
1390 1938 1611 2004 Caecilium
1633 1936 1899 2022 Smithiumil)
1924 1937 2053 2021 optime
2077 1937 2148 2023 egit

440 2061 797 2146 Poppelreuter40).
856 2064 1001 2130 Possunt
1035 2080 1149 2130 tamen
1184 2068 1274 2131 duae
1306 2067 1455 2133 iuniores
1488 2067 1589 2132 etiam
1622 2068 1667 2131 ad
1698 2063 1868 2150 Magnetis
1891 2063 1989 2128 Aves
2019 2064 2147 2140 referri,

441 2185 508 2252 boc
543 2202 595 2253 est
630 2189 675 2253 ad
711 2189 926 2254 comoediam
962 2205 1043 2273 post
1077 2191 1144 2271 466
1178 2191 1336 2257 doctam:
1376 2213 1452 2256 nam
1487 2193 1574 2256 hunc
1609 2190 1742 2256 titulum
1777 2203 1870 2254 recte
1905 2187 2068 2272 repetivit
2102 2211 2148 2252 ex

441 2311 621 2396 Aristoph.
645 2313 733 2395 liqu.
751 2332 814 2397 522
833 2333 922 2376 voce
938 2313 1130 2400 πτερυγίζων
1145 2315 1312 2399 interpres
1337 2318 1451 2383 nescio
1474 2317 1551 2400 quis
1575 2316 1607 2380 in
1630 2315 1770 2381 scholiis
1793 2315 1837 2378 ad
1862 2313 1952 2378 hunc
1974 2311 2146 2395 locumss).

598 2436 768 2501 Fabulam
798 2436 926 2502 Cratini
953 2435 1105 2525 Ὀδυσσῆς
1143 2455 1177 2504 et
1210 2443 1373 2525 parabasi
1409 2459 1442 2508 et
1477 2441 1650 2507 cantilenis
1683 2440 1829 2504 choricis
1862 2439 2012 2503 caruisse
2043 2438 2147 2502 refert

437 2559 612 2626 Platonius
634 2563 657 2625 1.
682 2567 700 2638 9
728 2583 767 2628 ro
790 2562 838 2647 (p.
863 2563 953 2644 Xlll,
978 2585 1021 2648 39
1044 2585 1121 2649 sqq.
1147 2566 1308 2649 Duebn.):
1343 2577 1480 2645 τοιοῦτος
1512 2564 1565 2632 οὖν
1598 2568 1680 2632 ἐστιν
1714 2567 1731 2630 ὁ
1761 2575 1817 2650 τῆς
1857 2561 1951 2649 μέσης
1982 2561 2148 2648 κωμῳδίας

437 2686 541 2769 τύπος,
565 2685 629 2766 οίός
651 2689 733 2754 ἐστιν
757 2687 985 2755 ὁΑίολοσίκων
1001 2684 1241 2776 Ἀριστοφάνους
1263 2696 1316 2758 καί
1340 2686 1499 2770 Ὀδυσσεῑς
1515 2691 1668 2786 Κρατίνου
1692 2693 1744 2754 καί
1767 2691 1899 2755 πλεῖστα
1920 2697 1983 2753 τῶν
2006 2688 2146 2752 παλαιῶν

437 2811 603 2895 δραμάτων
632 2815 703 2879 οὔτε
735 2818 847 2901 χορικὰ
877 2817 948 2880 οὔτε
978 2815 1168 2902 παραβάσεις
1197 2819 1319 2904 ἔχοντα.
1378 2815 1505 2880 Contra
1540 2836 1631 2899 quae
1655 2809 1919 2895 Kaibelius42)
1955 2812 2069 2876 nescio
2104 2833 2146 2875 an

437 2951 533 3000 recte
555 2936 747 3022 scripserit:
775 2937 842 3014 „Es
865 2937 971 3004 heisst
994 2939 1085 3003 docb
1109 2940 1164 3005 die
1185 2941 1525 3027 Entstebungsweise
1548 2941 1610 3004 des
1634 2939 1796 3004 Tractats
1821 2937 2025 3014 verkennen,
2050 2957 2147 3000 wenn

438 3079 514 3124 man
539 3059 634 3125 diese
656 3060 765 3126 Stelle
788 3061 906 3126 scharf
924 3064 1142 3147 interpretirt.
1189 3067 1259 3130 Der
1283 3065 1422 3156 Mangel
1446 3066 1538 3130 eines
1561 3065 1683 3144 Chors,
1712 3083 1803 3147 resp.
1828 3083 1897 3127 von
1922 3060 2147 3125 Choriiedern

438 3183 571 3248 beziebt
605 3185 678 3250 sicb
712 3187 776 3249 aus
805 3186 1111 3294 den·Aeolosil‹on
1144 3189 1212 3253 und
1245 3192 1309 3254 auf
1333 3191 1388 3254 die
1418 3189 1564 3255 mittlere
1588 3189 1792 3268 Komoedie,
1829 3187 1884 3252 die
1908 3186 2060 3274 Ὀδυσσῆς
2085 3189 2146 3250 des

440 3308 604 3373 Kretinos
628 3331 741 3375 waren
765 3311 797 3375 in
822 3313 883 3375 der
908 3311 1033 3391 Quelle
1057 3313 1108 3378 als
1132 3315 1281 3398 Beispiel
1305 3317 1366 3379 der
1390 3314 1639 3398 unpolitischen
1664 3313 1858 3378 Komoedie
1882 3313 1979 3391 citirt‚
2004 3312 2060 3376 die
2083 3313 2146 3376 das

437 3433 496 3498 mit
531 3433 609 3498 dem
640 3433 857 3500 Aeolosikon
890 3438 1024 3522 gemein
1057 3438 1162 3516 hatte,
1198 3441 1279 3505 dass
1313 3440 1344 3504 in
1380 3440 1504 3504 beiden
1540 3440 1613 3503 eine
1649 3437 1875 3504 litterarische
1897 3437 2081 3502 Travestie
2104 3457 2145 3499 an

435 3556 544 3622 Stelle
579 3559 641 3622 der
676 3557 879 3644 politischen
903 3561 1017 3626 Satire
1051 3577 1206 3650 getreten
1243 3570 1346 3630 war“.
1394 3563 1445 3629 Cf.
1477 3570 1495 3641 ᾖ
1533 3583 1570 3648 17
1597 3561 1645 3647 (p.
1674 3563 1768 3641 XIV,
1799 3582 1836 3647 71
1869 3560 1971 3646 sqq).
2007 3563 2035 3626 ol
2070 3571 2145 3646 γοῦν

435 3678 594 3762 Ὀδυσσείς
628 3683 782 3770 Κρατίνου
816 3687 940 3764 οὐδενὸς
974 3687 1145 3773 ἐπιτίμησιν
1180 3689 1295 3784 ἔχουσι,
1333 3692 1501 3775 διασυρμὸν
1536 3690 1569 3754 δὲ
1604 3689 1658 3774 τῆς
1693 3685 1874 3766 Ὀδυσσείας
1909 3699 1965 3753 τοῦ
1997 3684 2143 3773 Ὁμήρου.

437 3801 599 3869 Attamen
637 3807 667 3872 si
705 3807 841 3873 omnino
879 3830 935 3874 res
973 3830 1011 3874 se
1049 3811 1096 3874 ita
1135 3811 1254 3892 habet,
1295 3831 1389 3879 certe
1428 3835 1571 3898 prorsus
1615 3812 1749 3898 fragilia
1787 3828 1863 3877 sunt
1904 3834 1994 3896 quae
2033 3811 2144 3876 attulit

436 3926 653 3994 Kaibelius
676 3933 721 3996 ad
745 3932 946 3999 sententiam
969 3955 1067 4000 suam
1091 3937 1403 4004 demonstrandam.
1443 3939 1575 4002 Etenim
1600 3960 1620 4002 e
1643 3940 1682 4002 ir.
1712 3940 1781 4022 138.
1812 3960 1873 4022 139
1895 3937 2050 4020 sequitur
2074 3936 2145 4018 qui·
2247 4004 2251 4015 ,

436 4051 515 4114 dem
542 4053 650 4118 choro
678 4056 764 4121 hanc
799 4059 1024 4140 comoediam,
1061 4061 1124 4124 sed
1160 4082 1225 4127 non
1261 4063 1416 4147 sequitur
1452 4063 1552 4128 etiam
1590 4061 1729 4127 canticis
1764 4061 1907 4127 choricis
1943 4083 2018 4126 eam
2052 4062 2144 4125 haud

436 4175 600 4241 caruisse:
625 4198 691 4242 non
706 4180 800 4246 illum
822 4198 946 4262 autem,
971 4185 1034 4248 sed
1057 4183 1143 4250 haec
1167 4201 1295 4251 tantum
1320 4189 1365 4253 ab
1390 4208 1431 4252 ea
1455 4186 1628 4251 abiudicat
1644 4186 1833 4252 Platonius:
1857 4201 1934 4251 sunt
1958 4185 2144 4250 tetrametri

595 4389 630 4456 37)
649 4394 692 4442 De
711 4393 761 4443 hac
779 4410 809 4444 re
828 4396 863 4446 ci.
882 4395 1014 4448 Kaibcl.
1034 4399 1051 4448 i.
1071 4397 1088 4449 l.
1108 4414 1135 4463 p.
1158 4409 1188 4459 75
1208 4416 1250 4464 sq.

595 4478 628 4544 38)
647 4481 708 4531 Ηοσ
726 4498 779 4532 non
799 4487 933 4548 reputavit
951 4487 1122 4538 Frantzius
1141 4488 1158 4538 l.
1178 4488 1194 4539 l.
1214 4505 1242 4553 p.
1262 4500 1277 4548 3
1296 4507 1347 4556 sq,
1376 4507 1434 4542 cum
1462 4505 1495 4540 cx
1525 4491 1565 4539 bis
1594 4491 1660 4555 ipsis
1687 4489 1839 4540 Aristotelis
1868 4487 1959 4538 verbis
1984 4487 2144 4538 concludere

438 4570 528 4633 potius
547 4570 629 4620 vellet
648 4572 726 4620 etiarn
746 4572 888 4636 prologum
916 4577 996 4634 ,satis
1015 4578 1116 4626 recenti
1134 4587 1223 4627 aetate
1247 4579 1273 4628 in
1298 4579 1466 4630 comoediam
1486 4589 1621 4644 receptam
1642 4585 1729 4630 esse“.
1768 4579 1808 4628 Ci.
1827 4596 1851 4628 n.
1873 4580 1914 4628 28.
1944 4579 2028 4628 Recte
2047 4593 2063 4626 e
2081 4593 2143 4627 con-

434 4659 518 4720 trario
537 4659 679 4723 prologum
700 4661 724 4709 in
743 4661 885 4724 tragoedia
908 4664 1038 4714 iuniorem
1063 4665 1144 4715 fuisse
1168 4683 1246 4731 quam
1268 4669 1294 4717 in
1314 4668 1456 4719 comoedia
1475 4669 1633 4718 Bianki-us
1658 4670 1709 4718 Zur
1728 4667 1892 4730 Prologistik
1912 4666 1959 4716 der
1977 4667 2142 4717 nitattiscben

434 4747 595 4812 Komoedie,
623 4749 716 4799 Annal.
742 4749 836 4814 philol.
857 4751 976 4803 CXLIX.
1000 4755 1076 4818 1894.
1105 4771 1131 4819 p.
1151 4757 1186 4815 69
1205 4773 1264 4822 sqq.
1285 4758 1347 4818 inde
1367 4758 1485 4821 collegit,
1511 4755 1586 4822 ¹quod
1606 4757 1651 4806 illa
1671 4755 1827 4819 intruditis,
1856 4757 1922 4805 baec
1942 4756 2097 4820 plerumque
2118 4757 2142 4805 in

434 4835 501 4885 iretis
520 4839 681 4902 argumentis
702 4837 866 4903 versabatur,
886 4841 976 4905 itaque
994 4844 1078 4892 minus
1097 4843 1143 4893 iila
1162 4860 1240 4908 quam
1260 4848 1327 4896 haec
1345 4847 1512 4897 accuratiore
1531 4848 1704 4910 expositione
1722 4845 1868 4908 indigebat.

593 4925 625 4994 ³⁹)
645 4929 743 4979 Actors
762 4930 824 4980 with
843 4929 1006 4980 bird-maske
1026 4947 1061 4980 on
1081 4897 1167 5026 vassi,
1187 4933 1295 4999 Journal
1315 4935 1347 4985 of
1363 4936 1483 4986 Hellenie
1502 4934 1609 4985 Studies
1621 4935 1658 4985 Ji.
1679 4951 1706 4998 p.
1727 4943 1778 4992 309
1798 4949 1857 4998 sqq.

595 5015 628 5082 ⁴⁰)
647 5018 677 5068 L·
697 5017 712 5069 ¹·
733 5037 760 5088 n·
781 5023 796 5074 8
816 5035 878 5086 sm·

590 5103 623 5167 Η)
640 5118 798 5184 molirique
818 5110 848 5164 δὲ
867 5107 908 5159 ὅτι
933 5110 979 5160 καί
997 5107 1122 5174 Ὄρνιθος
1140 5113 1248 5179 ἐποίησε
1265 5116 1359 5178 δρᾶμα.
1399 5113 1438 5163 Cf.
1458 5114 1683 5164 Wiiamowitz.
1714 5112 1805 5162 Herm.
1826 5113 1872 5162 iX.
1897 5128 1923 5176 p·
1945 5123 2004 5172 335·
2042 5115 2141 5164 Moneo

433 5191 484 5240 hoc
503 5201 613 5256 propter
631 5193 769 5265 Le0¹¹em
790 5206 808 5257 i.
823 5202 840 5252 i.
855 5215 882 5264 p.
900 5209 950 5259 139
962 5215 1002 5264 sq.
1017 5215 1041 5251 n.
1058 5213 1081 5252 2.
1112 5201 1265 5254 Smithius
1285 5213 1339 5254 tres
1352 5201 1412 5252 illas
1425 5204 1541 5268 picturas
1562 5204 1628 5250 inter
1647 5216 1731 5251 annos
1752 5201 1808 5252 lere
1830 5212 1881 5261 500
1900 5213 1925 5251 et
1944 5213 1998 5266 450
2017 5202 2140 5254 collocat.

588 5277 619 5344 ll)
636 5279 663 5332 L.
683 5287 699 5346 ρ·
720 5325 748 5389 Ρ.
773 5309 816 5366 75.
