4850 5918
1164 304 1211 366 VI

1082 393 1295 403 ———

349 505 464 590 itaque
486 522 566 590 post
589 507 676 572 hunc
700 529 820 573 annum
844 512 980 577 additus
1008 531 1059 579 est
1088 516 1206 580 tertius
1233 517 1301 582 ille.
1349 520 1476 586 Tribus
1509 523 1682 587 actoribus
1705 541 1785 610 eget
1810 524 1953 610 Septem
1976 543 2041 592 tra-

346 631 472 716 goedia
494 631 692 716 Aeschylea
716 651 803 698 anno
826 653 990 719 sequente
1013 654 1099 718 acta,
1123 643 1184 705 seri
1209 661 1288 729 eget
1314 647 1363 710 eis
1386 647 1418 710 in
1442 648 1549 711 exodi
1572 662 1700 713 tantum
1725 666 1824 734 parte
1847 652 2041 735 posteriore

345 756 591 840 posterioribus
608 758 742 822 demum
761 759 851 824 haud
868 763 971 826 dubie
992 767 1205 848 temporibus
1221 770 1440 855 adiuncta15).
1476 771 1574 857 Ergo
1597 773 1741 856 primum
1764 776 1878 860 poetis
1902 779 2042 843 comicis

343 881 469 946 archon
498 883 592 946 dedit
625 884 762 949 chorum
796 885 881 950 inter
910 909 1016 954 annos
1047 893 1112 974 466
1136 909 1170 958 et
1193 915 1269 978 459,
1302 897 1516 982 Magnesque
1547 898 1725 964 victoriam
1748 901 1840 968 illam
1863 919 2041 970 assecutus

342 1022 474 1072 estant
498 1009 583 1073 inter
607 1011 745 1074 eosdem
770 1031 875 1076 annos
899 1030 966 1091 aut,
991 1015 1023 1078 id
1049 1019 1143 1099 quod
1172 1019 1232 1083 vix
1256 1020 1421 1086 credibile
1450 1036 1502 1087 est
1526 1025 1711 1089 secundum
1737 1026 1781 1090 A.
1806 1027 2041 1112 Muelleriffi)

341 1133 385 1195 de
407 1131 523 1197 indicis
547 1131 635 1197 illius
659 1133 856 1219 fragmentis
879 1137 1161 1221 ratiocinationes,
1191 1162 1272 1228 post
1296 1148 1372 1230 458.
1419 1146 1547 1213 Contra
1569 1150 1724 1233 sequitur
1747 1173 1793 1215 ex
1826 1152 1878 1218 his
1909 1153 2041 1219 ratioci-

340 1257 530 1323 nationibus
553 1259 686 1324 tertium
711 1258 905 1326 histrionem
930 1284 1035 1346 posse
1062 1267 1093 1330 in
1125 1271 1304 1355 tragoedia
1337 1272 1430 1337 annis
1453 1276 1531 1358 466,
1554 1277 1630 1359 465,
1654 1278 1719 1358 464
1743 1276 1912 1361 originem
1935 1279 2041 1343 debu·

339 1381 416 1461 isse,
441 1383 501 1447 vix
525 1385 784 1466 posterioribus.
831 1386 1003 1466 Fortasse,
1035 1391 1068 1454 id
1093 1395 1187 1474 quod
1220 1395 1439 1460 libentissime
1470 1398 1684 1478 crediderim,
1716 1401 1782 1465 iam
1807 1403 1930 1472 eodem
1953 1423 2041 1466 anno

339 1509 539 1572 comoediae
563 1529 704 1592 quoque
727 1509 823 1575 locus
857 1529 909 1577 est
938 1514 969 1578 in
1002 1518 1208 1599 spectaculis
1231 1520 1406 1602 Dionysiis
1439 1522 1599 1602 tributus,
1632 1525 1778 1591 sortasse
1809 1527 1916 1611 paulo
1949 1543 2041 1611 post,

343 1635 489 1699 sortasse
512 1635 681 1720 Magnetis
712 1635 768 1700 illa
800 1637 944 1703 victoria
977 1642 1007 1704 in
1038 1644 1181 1706 eundem
1211 1644 1277 1708 iam
1308 1644 1421 1709 incidit
1449 1667 1581 1726 annum,
1614 1650 1648 1712 id
1673 1652 1770 1733 quod
1793 1652 1902 1720 minus
1924 1654 2041 1732 credo,

338 1761 418 1843 quia
442 1760 643 1826 Chionidem
678 1779 756 1828 ante
778 1765 973 1851 Magnetem
1006 1768 1154 1833 nominat
1183 1768 1399 1847 Aristoteles,
1434 1771 1578 1836 sortasse
1607 1772 1639 1836 in
1671 1776 1779 1857 paulo
1802 1779 2041 1860 posteriorem,

337 1888 365 1950 si
389 1908 454 1951 non
478 1889 588 1972 prima
612 1889 684 1954 eius
707 1890 769 1954 fuit
792 1891 937 1956 victoria
960 1891 1016 1956 vel
1040 1909 1132 1958 certe
1155 1894 1194 1972 si,
1225 1893 1260 1957 id
1293 1889 1406 1978 quod'
1420 1912 1563 1980 propter
1594 1899 1738 1962 eandem
1764 1923 1902 1966 causam
1926 1903 2041 1968 verisi-

338 2011 448 2077 milius
472 2028 534 2091 est,
558 2013 612 2078 hic
634 2031 739 2098 poeta
764 2037 831 2081 non
857 2017 985 2102 primus
1010 2019 1070 2083 fuit
1094 2019 1205 2084 victor
1228 2019 1259 2084 in
1284 2021 1522 2086 certaminibus
1546 2021 1691 2106 publicis
1715 2029 1975 2094 comoedorum.

496 2139 566 2204 Sed
591 2142 771 2206 redeamus
795 2143 838 2206 ad
864 2142 1097 2209 Aristotelem.
1143 2145 1336 2229 Desperata
1370 2167 1480 2230 paene
1511 2164 1588 2212 sunt
1617 2150 1725 2214 verba
1757 2151 1830 2216 eius
1862 2152 1982 2220 ultima
2004 2159 2041 2221 τό

337 2267 372 2329 δὲ
395 2265 514 2349 μύθους
537 2278 633 2332 ποιεῖν
655 2287 686 2328 ιι.
710 2290 737 2332 τ.
761 2269 801 2350 λ.,
825 2269 982 2351 quamvis
1006 2267 1097 2335 clara
1120 2271 1163 2336 sit
1188 2291 1306 2334 eorum
1329 2272 1504 2337 sententia.
1540 2273 1748 2358 Pessimeff),
1771 2293 1806 2340 ut
1830 2279 2039 2343 constructio

337 2390 563 2475 grammatica
586 2393 831 2470 restitueretur,
855 2393 888 2458 in
913 2395 1091 2459 codicibus
1115 2395 1282 2461 nonnullis
1304 2397 1493 2462 iunioribus
1521 2398 1685 2482 scriptum
1715 2416 1767 2465 est
1792 2405 1827 2466 τό
1855 2405 1908 2487 μὲν
1942 2404 2028 2488 (οὖν)

340 2515 373 2595 ἐξ
397 2517 512 2603 ἀρχῆςι
537 2518 705 2582 nonenim
728 2521 847 2605 μύθους
862 2532 968 2604 ποιεῖν,
992 2521 1055 2585 sed
1079 2523 1224 2588 καθόλου
1249 2522 1368 2607 μύθους
1391 2519 1537 2604 neretum)
1560 2521 1594 2584 id
1619 2536 1703 2600 erat,
1728 2524 1824 2605 quod
1847 2523 2040 2590 introduxe-

336 2656 413 2705 runt
436 2641 661 2724 Epicharmus
690 2641 925 2729 Phormisque,
961 2660 995 2710 et
1030 2648 1124 2730 quod
1160 2648 1205 2710 ab
1236 2646 1328 2709 initio
1362 2667 1408 2708 ex
1430 2645 1545 2710 Sicilia
1578 2647 1668 2711 venit
1691 2647 1724 2710 in
1748 2647 1912 2727 Atticam,
1936 2649 2043 2732 prius·

336 2789 439 2850 quam
484 2767 636 2852 ipsorum
669 2769 928 2834 Atheniensium
965 2741 1102 2855 primus·
1125 2772 1248 2836 Crates
1282 2771 1348 2835 boc
1382 2771 1581 2854 exemplum
1615 2787 1667 2836 est
1699 2772 1859 2838 imitatus.
1915 2773 2042 2840 Adbuc

337 2893 442 2958 credo
466 2890 655 2980 Ἐπίχαρμος
677 2899 731 2960 καὶ
754 2897 872 2982 Φόρμις
895 2913 1009 2961 notam
1035 2918 1121 2976 esse,
1152 2918 1242 2981 quae
1265 2918 1284 2959 e
1308 2896 1460 2979 margine
1484 2896 1514 2959 in
1539 2911 1673 2961 textum
1703 2897 1889 2980 irrepserit,
1923 2919 2042 2962 verum

340 3039 380 3081 ne
403 3019 454 3083 sic
478 3040 618 3103 quoque
642 3037 775 3085 maneat
799 3021 887 3085 idem
913 3023 1041 3100 vitium,
1071 3039 1129 3087 ant
1153 3022 1413 3086 existimandum
1439 3037 1490 3084 est
1513 3022 1622 3085 verba
1646 3022 1791 3106 genuina
1815 3023 1930 3087 nescio
1954 3044 2044 3105 quae

337 3145 383 3208 ab
399 3167 440 3208 ea
465 3144 580 3209 eloco
604 3165 668 3209 suo
692 3167 768 3210 esse
792 3146 939 3229 depulsa
963 3163 1022 3211 aut
1046 3163 1126 3230 post
1149 3152 1184 3214 τό
1208 3151 1242 3214 δὲ
1267 3148 1387 3233 μύθους
1411 3158 1507 3212 ποιεῖν
1530 3144 1646 3210 deleto
1669 3145 1729 3211 illo
1752 3146 1884 3212 scholio
1908 3147 2041 3233 signum

498 3357 528 3426 ¹⁵)
548 3361 648 3412 Primus
661 3362 742 3412 exodi
755 3373 857 3426 partem
877 3364 1055 3427 posteriorem
1074 3362 1135 3412 inde
1154 3377 1170 3411 a
1189 3377 1214 3414 ν.
1236 3373 1301 3421 1005
1322 3377 1374 3410 non
1394 3377 1455 3411 esse
1473 3361 1614 3424 genuinam
1633 3359 1762 3410 intellexit
1781 3360 1831 3410 Ad.
1851 3361 2042 3412 Schoellius

336 3448 482 3498 Hallesche
502 3450 749 3515 Litteratnrzeltung
776 3453 852 3514 1848.
878 3452 907 3501 ll.
927 3467 953 3516 p.
975 3463 1025 3511 397
1045 3467 1096 3516 sq,
1119 3461 1145 3501 at
1165 3453 1191 3500 iu
1209 3450 1399 3516 praecedentia
1418 3450 1479 3498 inde
1498 3466 1516 3499 a
1534 3466 1560 3500 v.
1579 3451 1628 3508 961
1651 3448 1720 3498 idem
1740 3448 1838 3498 cadere
1857 3449 1923 3498 vidit
1944 3451 2042 3512 Berg-

336 3539 411 3586 ltius
430 3539 472 3586 Dc
491 3539 546 3588 rita
564 3539 718 3604 Sophoclis,
740 3541 863 3605 Friburg.
886 3543 951 3600 1857
972 3551 997 3590 et
1017 3541 1034 3591 l.
1048 3541 1064 3590 l.
1078 3541 1154 3606 lll.p.
1170 3552 1220 3601 303
1240 3557 1300 3605 sqq.
1338 3541 1412 3589 Nunc
1432 3540 1551 3603 inprimis
1571 3539 1605 3592 ci.
1626 3539 1766 3589 Weilius
1787 3539 1853 3590 Rev.
1875 3539 1922 3589 des
1942 3523 1982 3589 At.
2002 3555 2042 3604 gr.

336 3626 355 3675 l.
378 3627 453 3678 1888.
472 3642 500 3691 p.
523 3638 554 3688 19
573 3644 633 3694 sqq.
652 3641 679 3679 et
697 3630 925 3682 Wilamowita.
950 3631 1039 3689 Herm,
1059 3631 1132 3680 xxt.
1154 3647 1179 3694 p.
1200 3633 1260 3681 606.
1280 3647 1305 3679 n.
1326 3639 1349 3690 3.

499 3715 529 3780 ¹⁸)
548 3717 576 3766 ln
597 3718 729 3782 Philologi
748 3720 843 3786 Suppl.
862 3721 906 3771 vt.
927 3737 954 3786 p.
974 3725 1007 3780 83
1026 3737 1087 3786 sqq.

499 3804 529 3870 Π)
550 3808 715 3872 Quamquam
734 3809 787 3859 hoc
805 3809 903 3875 probat
923 3811 1197 3861 Wilamowitzius
1221 3809 1310 3858 Herm.
1330 3808 1376 3857 IX.
1396 3823 1422 3872 p.
1445 3817 1503 3867 332.
1523 3824 1547 3856 ιι.
1570 3818 1592 3857 1.

500 3895 639 3964 18Ηίόθος
658 3919 695 3942 =
713 3900 793 3963 λόγος
816 3901 842 3948 ln
861 3899 1014 3950 Aristotelis
1035 3901 1150 3950 Poeticis
1175 3899 1201 3948 id
1220 3897 1360 3961 significat,
1387 3896 1460 3961 quod
1478 3911 1529 3946 nos
1549 3896 1674 3946 Germani
1695 3897 1776 3946 hodie
1795 3897 1962 3963 appellamus
1982 3899 2043 3958 „die

336 3985 418 4036 Fabul
439 3987 487 4036 des
507 3987 662 4050 Gedichts·‘,
683 3990 796 4038 Romani
816 4005 924 4054 quoque
943 3989 1116 4055 appellabant
1139 3987 1255 4037 fabulam
1280 3986 1323 4036 vel
1347 3994 1537 4050 argumentum.
1574 3986 1665 4037 Μῦθον
1684 3987 1763 4048 igitur
1782 3986 1862 4036 babet
1881 3988 2043 4051 unumquod-

335 4091 387 4139 que
406 4092 511 4140 poema.
550 4077 641 4126 Variat
661 4078 767 4142 quidem
787 4079 857 4143 apud
877 4079 1048 4128 Aristotelem
1067 4080 1134 4128 haec
1153 4079 1237 4139 notio,
1256 4075 1283 4125 id
1302 4076 1375 4140 quod
1395 4076 1495 4140 optime
1515 4076 1631 4125 ostendit
1650 4075 1819 4126 Vahlenus
1838 4077 1980 4140 Beitraege
1998 4093 2043 4127 zur

336 4165 409 4214 Poct.
430 4166 477 4214 des
496 4167 607 4217 Aristot.
627 4167 646 4217 l.
665 4183 692 4232 p.
713 4178 742 4228 31
766 4169 811 4232 (=
831 4169 932 4218 Comm.
955 4168 1036 4218 Acad.
1060 4167 1173 4217 vindob.
1194 4167 1226 4216 L.
1245 4182 1272 4230 p.
1293 4166 1354 4229 295)
1373 4181 1444 4230 sqq,
1467 4164 1515 4213 scd
1539 4163 1635 4213 t'rustra
1659 4179 1717 4214 eam
1741 4167 1777 4214 ita
1802 4167 1907 4215 variare
1933 4176 2043 4216 conatur

335 4254 532 4316 ostenderent
552 4257 686 4306 hocloco
705 4257 803 4322 μύθους
821 4263 904 4308 ποιεῖν
923 4257 992 4307 idem
1012 4258 1070 4308 lere
1087 4257 1240 4320 significare
1259 4267 1338 4320 queat
1361 4265 1442 4320 atque
1466 4256 1509 4306 vel
1533 4255 1611 4316 ὅλους
1635 4258 1681 4306 rtet
1705 4255 1821 4318 τελείους
1844 4256 1943 4320 μύθους
1961 4263 2043 4307 ποιεῖν

336 4344 388 4406 rel,
407 4345 434 4394 id
454 4345 527 4410 quod
545 4345 645 4409 adicio,
664 4346 786 4398 καθόλου
805 4347 904 4412 μύθους
922 4353 1016 4398 nouit:
1045 4346 1114 4395 nulla
1140 4347 1216 4408 enim,
1241 4347 1289 4396 nisi
1316 4348 1369 4396 vim
1395 4346 1486 4396 lacere
1505 4345 1626 4396 volumus
1645 4345 1745 4399 verbis.
1769 4345 1934 4410 deprehendi
1954 4359 2043 4412 potest

336 4437 360 4483 in
390 4436 429 4484 eis
449 4437 592 4501 emphasis,
621 4447 648 4486 ut
676 4437 774 4500 μύθους
792 4439 943 4502 significare
972 4437 1105 4487 hocloco
1140 4437 1250 4487 credere
1279 4451 1406 4500 queamus
1434 4435 1538 4486 fabulas
1566 4437 1618 4484 hoc
1646 4437 1752 4485 nomlne
1772 4434 1873 4498 dignas.
1912 4437 2043 4487 Mittamus

335 4527 415 4588 igitur
434 4525 501 4575 tales
520 4528 645 4590 argutias.
685 4527 806 4576 Ceterum
835 4537 898 4591 post
921 4527 1078 4592 λεγομένους
1102 4527 1145 4576 vel
1170 4515 1274 4592 ὀλίγους
1300 4524 1401 4574 demum
1426 4525 1488 4574 illos
1512 4526 1622 4590 ποιητάς
1641 4525 1808 4574 comoediam
1828 4537 1963 4591 receptam
1982 4543 2043 4578 esse

336 4615 360 4662 in
380 4614 534 4680 spectacula
553 4615 670 4680 publica,
691 4626 807 4680 postque
826 4617 892 4665 hanc
912 4619 1093 4682 receptionem
1114 4631 1171 4666 eam
1191 4613 1330 4666 iambicam
1351 4614 1432 4664 fuisse
1452 4615 1515 4663 dicit
1534 4614 1639 4678 quidem
1659 4614 1930 4665 Wilamowltaius
1949 4615 1965 4666 1.
1985 4617 2002 4668 l.
2015 4632 2043 4681 p.

336 4713 386 4762 332
406 4720 456 4768 sq.,
475 4705 522 4754 sed
543 4705 614 4754 nullo
632 4704 718 4755 verbo
739 4704 802 4754 dicit
821 4705 988 4755 Aristoteles.
1018 4707 1102 4755 Recte
1126 4708 1204 4770 igitur
1224 4704 1495 4755 Wiiamowitrius
1514 4719 1541 4767 p.
1561 4714 1612 4764 333
1638 4705 1758 4768 scripsit:
1789 4703 1935 4763 „Offenbar
1963 4707 2043 4754 ineunt

336 4793 495 4843 Aristoteles
514 4809 568 4843 νοιι
588 4795 639 4843 den
658 4795 796 4861 λεγόμενοι
815 4796 929 4859 ποιηταί,
949 4810 1003 4844 von
1023 4795 1073 4843 den
1086 4796 1221 4856 Dichteru,
1241 4793 1285 4842 die
1304 4795 1421 4842 erwahnt
1440 4792 1556 4854 werden,
1575 4793 1658 4842 kelne
1677 4793 1820 4856 Stuecke“,
1841 4803 1913 4844 recte
1932 4810 1958 4859 p.
1981 4806 2042 4854 335:

337 4884 453 4940 „Ferner
471 4883 529 4933 sind
551 4884 695 4934 Chionides
715 4885 767 4934 und
786 4885 899 4948 Magnes
927 4885 997 4934 ohne
1026 4887 1149 4936 welteres
1173 4886 1218 4935 mit
1244 4883 1294 4932 deu
1318 4882 1458 4946 λεγόμενοι
1476 4885 1581 4947 ποιηταί
1605 4883 1653 4932 der
1676 4882 1792 4932 anderen
1812 4881 1895 4932 Stelle
1914 4883 2043 4934 identlsch

336 4971 587 5024 ...Schllessiich
616 4973 713 5024 ltannte
738 4975 897 5024 Aristoteles
926 4975 1007 5023 heine
1030 4973 1146 5023 Stuecite
1175 4990 1228 5024 νοιι
1249 4972 1394 5022 Chionides
1416 4969 1469 5020 und
1494 4971 1632 5032 Magnes“,
1660 4971 1708 5020 sed
1736 4971 1805 5020 haud
1834 4981 1907 5022 recte
1929 4972 2043 5022 addidit:

339 5062 407 5118 ,und
426 5074 509 5112 setzte
528 5062 572 5111 die
591 5063 729 5114 staatliche
743 5065 910 5114 Concession
929 5064 976 5113 der
995 5063 1147 5113 Kornocdie
1167 5065 1233 5112 nach
1253 5064 1330 5111 ihnen
1344 5067 1402 5109 atu-⁸
1441 5058 1538 5120 Hodie,
1558 5069 1699 5124 postquam
1719 5061 1848 5111 detectum
1868 5073 1908 5111 est
1927 5063 2042 5125 catalogi

335 5151 518 5214 fragmentum,
538 5153 612 5215 quod
630 5153 763 5218 publicam
784 5155 916 5217 Magnetis
938 5155 1076 5203 victoriam
1097 5163 1214 5214 testatur,
1234 5149 1358 5213 aliudque
1378 5147 1446 5196 alius
1470 5147 1572 5206 indicis,
1601 5150 1626 5196 in
1646 5165 1701 5212 quo
1728 5166 1849 5228 numerus
1873 5153 2043 5201 vtetoriarum

336 5243 392 5290 eius
412 5242 584 5305 significatur,
605 5243 698 5307 procul
719 5243 801 5293 dubio
822 5245 872 5293 iam
894 5247 952 5308 ipse
973 5259 1024 5294 non
1045 5243 1129 5293 credit
1151 5240 1418 5291 Wilamowitzius
1439 5237 1608 5288 Aristotelem
1628 5239 1679 5287 hoc
1699 5239 1803 5288 iecisse.
