4850 5918
1098 455 1227 531 XVIII

279 660 428 750 αἰσθήσει,
450 675 482 732 al
502 662 528 732 δ’
555 671 673 754 ἐθισμῷ
695 693 753 731 τινι
774 671 824 732 καὶ
846 663 937 732 ἄλλαι
959 661 986 731 δ’
1012 661 1115 743 ἄλλως
1136 668 1183 751 (¹³2
1197 671 1268 750 -4),
1291 687 1365 732 cunr
1387 667 1477 756 ἀρχαί
1498 671 1578 735 lacta
1593 674 1715 735 tantum
1731 669 1920 755 significent.
1961 671 2041 736 Dico

280 811 383 876 aeque
404 809 490 874 rere,
520 788 575 854 sed
609 788 812 853 adiciendum
839 793 900 852 est:
936 788 1037 852 sicel
1070 790 1116 852 sic
1137 807 1267 873 prorsus
1291 808 1366 853 vera
1389 795 1477 854 sunt:
1509 792 1602 855 valde
1636 792 1723 854 enim
1755 789 1876 866 dubito,
1898 810 1977 854 num
2000 811 2040 854 ex

279 913 382 996 ipsius
403 911 585 976 Aristotelis
607 912 767 974 sententia
786 911 868 973 facte
890 911 1021 972 omuino
1043 909 1134 973 aliter
1148 912 1268 993 queant
1289 913 1438 996 cognosci
1461 933 1557 995 quam
1580 918 1636 977 aut
1656 902 1795 982 αἰσθήσει
1809 917 1864 976 aut
1885 911 2043 995 ἐπαγωγῇ,

280 1030 389 1095 dubito
410 1031 518 1114 igitur,
540 1049 620 1094 num
641 1024 719 1092 αλδ
746 1029 864 1114 ἐθισμῷ
886 1065 928 1076 -
949 1024 1052 1103 ἄλλως
1073 1050 1116 1094 ex
1138 1033 1209 1094 eius
1231 1035 1338 1095 mente
1354 1033 1470 1115 scripta
1490 1034 1563 1095 sint.
1606 1032 1667 1096 Sed
1683 1035 1755 1095 utut
1768 1033 1846 1096 haee
1866 1050 1900 1096 se
1915 1031 2044 1120 habent,

281 1150 386 1214 subito
409 1153 472 1214 iam
494 1151 607 1214 transit
628 1141 705 1235 ἀρχή
739 1151 772 1213 in
800 1149 1066 1234 significationem
1089 1147 1299 1229 definitionis,
1326 1168 1521 1232 quamquam
1548 1169 1586 1214 ea
1609 1169 1716 1232 neque
1741 1145 1779 1212 τὸ
1802 1147 1851 1212 ὅτι
1877 1144 2041 1233 aequori

276 1263 366 1354 διότι,
388 1270 444 1335 sed
464 1265 503 1333 τὸ
524 1270 555 1332 τί
576 1271 682 1334 decori
704 1290 745 1334 ne
768 1271 854 1334 hune
876 1270 1005 1354 quidem
1026 1272 1209 1353 scriptorem
1231 1271 1341 1353 fugere
1357 1272 1524 1352 potuisset,
1539 1272 1567 1334 si
1584 1271 1655 1354 ipse
1672 1272 1829 1352 scivisset,
1844 1271 1922 1354 quid
1936 1270 2042 1352 vellet,

280 1391 452 1477 subitoque
475 1391 629 1455 discimus
651 1392 767 1453 frustra
786 1409 846 1452 nos
869 1408 1053 1453 succurrere
1077 1389 1152 1451 lruic
1173 1389 1296 1452 homini
1318 1393 1448 1454 cenatos
1471 1409 1543 1453 esse
1566 1410 1616 1471 οο,
1639 1389 1724 1473 quod
1751 1388 1960 1453 sumebamus
1982 1391 2043 1452 lor·

278 1514 363 1574 tasse
385 1530 459 1574 eum
483 1531 614 1574 mouere
637 1511 779 1574 voluisse
802 1511 835 1573 iu
859 1509 1036 1593 disciplinis
1060 1511 1168 1572 minus
1183 1510 1340 1572 accuratis
1354 1511 1451 1572 etiam
1470 1510 1674 1574 definitiones
1694 1529 1758 1573 uon
1779 1529 1873 1592 posse
1890 1529 1954 1572 non
1971 1529 2043 1572 esse

280 1633 387 1694 minus
409 1635 583 1694 accuratus:
608 1632 802 1693 contrarium
825 1649 883 1692 nos
905 1628 1021 1692 docent
1042 1629 1154 1694 ultima
1175 1627 1283 1692 1’4-8.
1308 1628 1440 1713 μετιέναι
1462 1623 1497 1692 δὲ
1518 1629 1673 1717 πειρατέον
1687 1618 1849 1711 ἑκασταςῆ
1869 1621 2043 1714 πεφύκασιν,

280 1751 331 1812 καὶ
352 1743 558 1813 σπουδαστέον
579 1747 662 1823 ὅπως
683 1743 860 1835 ὁρισδῶσι
882 1753 1011 1824 καλῶς.
1055 1741 1190 1835 μεγάλην
1211 1745 1267 1837 γὰρ
1291 1749 1394 1837 ἔχουσι
1415 1746 1507 1837 pondu
1528 1746 1599 1838 πρὸς
1620 1745 1661 1812 τὰ
1687 1743 1817 1837 ἑπόμενα
1843 1751 1995 1834 (intelleg.
2018 1756 2045 1811 οὶ

278 1865 416 1958 όρισμοί).
441 1862 527 1934 δοκεῖ
545 1864 602 1956 γὰρ
624 1865 764 1938 πλεῖονῆ
786 1867 876 1954 ἥμισυ
898 1875 954 1931 τοῦ
975 1865 1087 1944 παντὸς
1109 1866 1181 1932 εἶναι
1201 1864 1221 1939 ἦ
1244 1862 1349 1957 ἀρχό,
1372 1865 1545 1933 καὶπολλὰ
1567 1876 1704 1956 συμρανῆ
1719 1872 1877 1957 γίγνεσθαι
1896 1863 1931 1933 δι’
1952 1867 2045 1944 αὐτῆς

276 1996 341 2052 τῶν
363 1989 523 2076 ἑπομένων,
546 2009 648 2074 eaque
671 1995 719 2054 est
740 1989 825 2054 haud
848 1988 945 2054 dubie
967 1992 1062 2052 etiam
1078 1991 1181 2073 ipsius
1196 1991 1377 2054 Aristotelis
1400 1993 1568 2053 sententia.
1614 1988 1730 2054 Omnia
1744 1993 1843 2074 igitur
1857 1991 1934 2054 haec
1949 1992 2042 2054 etium

279 2129 337 2193 per
359 2129 394 2174 se
417 2113 556 2194 spectata
577 2110 711 2173 minimo
734 2115 810 2173 sunt
831 2111 969 2193 egregIa,
992 2109 1048 2173 sed
1071 2111 1199 2194 singula
1221 2111 1352 2193 quidem
1375 2113 1549 2174 maximam
1571 2117 1692 2194 partem
1714 2129 1791 2174 vera
1806 2121 1891 2192 sunt,
1906 2115 2044 2173 attamen

279 2235 324 2294 ita
350 2250 385 2294 se
418 2231 594 2314 excipiunt,
622 2235 657 2294 ut
681 2231 774 2294 male·
800 2232 884 2293 iuter
909 2249 944 2292 se
977 2248 1106 2313 quoque
1131 2230 1321 2294 cohaereant
1353 2231 1470 2308 omnia,
1503 2250 1546 2293 en
1579 2235 1667 2313 parte
1699 2231 1794 2293 etiarn
1827 2231 2046 2314 praecedentia

281 2350 493 2434 sequentibus
515 2351 675 2414 tollantur.
717 2347 836 2413 Taedet
856 2353 901 2414 tot
922 2349 1020 2413 verba
1041 2351 1145 2414 lacere
1168 2351 1207 2413 do
1228 2371 1273 2432 re,
1296 2369 1378 2434 qnae
1400 2352 1478 2413 milri
1501 2355 1565 2414 tam
1587 2350 1670 2414 clara
1693 2350 1828 2432 ridetur,
1850 2355 1886 2413 ut
1912 2369 1952 2412 ne
1983 2369 2045 2412 uno

280 2469 412 2554 quidem
435 2469 588 2554 indigeat:
612 2471 890 2534 verumenimvero
913 2489 1026 2534 omnes
1052 2473 1114 2535 riri
1144 2472 1227 2534 docti
1254 2489 1296 2533 ue
1322 2467 1511 2533 Rassorio
1535 2469 1663 2554 quidem
1697 2490 1740 2532 ex
1766 2477 1837 2552 epto
1861 2471 1940 2532 mira
1972 2489 2045 2532 cum

281 2593 433 2674 patientia
454 2595 486 2653 et
507 2591 650 2654 tulerunt
671 2591 840 2672 urserunt,
863 2592 942 2673 quin
963 2592 1062 2652 immo
1084 2590 1214 2653 laudant
1236 2607 1347 2652 omnes
1371 2588 1428 2651 lras
1443 2591 1590 2671 ineptias,
1610 2593 1641 2651 et
1660 2608 1786 2672 nequeo
1806 2608 1924 2672 negare
1944 2589 2047 2652 subri-

281 2713 409 2776 dentem
432 2729 484 2774 me
505 2711 624 2794 legisse
647 2709 821 2774 Stewarti
844 2717 951 2774 notam
975 2710 1013 2773 ad
1041 2711 1153 2792 capitis
1176 2711 1342 2792 sequentis
1370 2708 1468 2772 verba
1494 2712 1557 2773 ianr
1585 2727 1680 2793 supra
1707 2710 1811 2772 allate:
1845 2708 1990 2771 σκεπτέον
2012 2702 2047 2770 δὲ

280 2833 346 2917 περὶ
367 2828 459 2904 αὐτῆς
481 2829 516 2892 οὐ
537 2821 627 2916 μόνον
649 2831 683 2890 ἐκ
714 2833 770 2890 τοῦ
804 2820 1053 2916 συμπεράσματος
1085 2831 1135 2890 καὶ
1157 2819 1191 2902 ἐξ
1212 2819 1254 2890 ὧν
1276 2822 1292 2890 ὁ
1313 2819 1414 2914 λόγος,
1446 2823 1528 2889 ἀλλὰ
1550 2830 1600 2891 καὶ
1633 2829 1667 2890 ἐκ
1688 2834 1751 2891 τῶν
1782 2831 1953 2914 λεγομένων
1984 2841 2049 2915 περὶ

282 2949 386 3025 αὐτῆς.
428 2950 542 3014 Scribit
564 2953 648 3013 enim
673 2952 722 3013 vir
743 2951 957 3032 doctissimae,
980 2951 1218 3034 sagacissimus
1240 2949 1519 3032 diligentissimus:
1544 2945 1657 3030 ,αὐτῆς
1678 2950 1927 3032 grammatically
1942 2953 2040 3015 refers

282 3075 314 3135 to
335 3065 354 3139 ἡ
377 3062 454 3156 ἀρχό
476 3073 509 3133 in
533 3071 551 3132 l.
575 3071 604 3153 7,
637 3068 695 3133 but
714 3070 768 3134 the
791 3089 886 3134 sense
912 3072 1055 3154 requires
1089 3090 1128 3133 ns
1154 3074 1186 3133 to
1220 3069 1415 3133 understand
1448 3059 1666 3151 εὐδαιμ.σνίας“ι
1700 3088 1807 3133 οοιιοο
1838 3090 1914 3135 uero
1946 3075 2041 3137 ctiam

282 3191 541 3274 simplicissimus
564 3190 657 3254 homo
680 3190 767 3253 videt
789 3193 835 3252 sic
857 3191 888 3254 ei
909 3189 1169 3271 respondendum
1192 3208 1277 3253 esse:
1302 3209 1340 3270 ,,ο
1363 3191 1412 3250 vir
1434 3189 1680 3272 prudentissime
1703 3194 1734 3252 et
1755 3192 1949 3272 acutissime,
1963 3212 2040 3255 uum

282 3329 393 3374 revera
423 3313 516 3394 putus
549 3309 758 3373 nihilominus
780 3311 825 3372 ita
846 3309 983 3372 scribere
1005 3310 1149 3394 potuisse
1170 3309 1396 3373 Arlatotelem?
1420 3327 1527 3372 nonne
1550 3309 1710 3392 intellegis
1732 3313 1795 3374 iam
1818 3317 1946 3394 propter
1962 3312 2043 3374 hanc

284 3434 439 3496 rationem
462 3430 660 3494 stamendam
683 3449 755 3493 esse
777 3429 1063 3514 interpolationem,
1085 3449 1148 3512 qua
1170 3432 1316 3512 corrupta
1342 3431 1406 3491 sint
1433 3447 1515 3511 qnae
1545 3447 1659 3512 reapse
1687 3431 1832 3513 scripsit?
1865 3451 1972 3496 noune
1994 3435 2044 3496 iu-

282 3551 418 3634 tellegiS,
441 3553 469 3614 si
492 3551 657 3614 deleantur
673 3549 824 3613 1098·22.
839 3540 936 3624 δόξειε
954 3587 991 3596 -
1008 3547 1052 3613 b8.
1074 3541 1273 3634 ζητουμένων,
1289 3549 1393 3610 statim
1409 3548 1487 3610 haec
1502 3549 1618 3630 optime
1635 3547 1721 3612 refici
1738 3550 1823 3613 hunc
1842 3553 1875 3613 in
1897 3552 2042 3615 modum:

284 3661 517 3756 περιγεγράφθω
540 3667 594 3754 μὲν
615 3662 723 3732 οὖντὸ
746 3667 865 3754 ἀγαθὸν
886 3661 984 3752 ταυτῃ
1010 3662 1070 3752 (δεῖ
1088 3665 1144 3756 γὰρ
1169 3672 1241 3744 ἴσως
1262 3663 1457 3732 ὑποτυτῶσσιι
1477 3672 1604 3754 πρῶτον,
1628 3663 1681 3730 εἷθ’
1708 3666 1830 3754 ὕστερον
1851 3661 2045 3755 ἀναγράψαι)·

283 3788 430 3853 σκεπτέον
451 3781 487 3851 δὲ
507 3790 571 3876 περὶ
592 3787 703 3852 αὐτοῦ
726 3787 760 3852 οὐ
782 3781 871 3874 μόνον
893 3791 928 3850 ἐκ
948 3795 1004 3852 τοῦ
1027 3781 1276 3875 συμπεράσματος
1297 3788 1347 3850 καὶ
1369 3779 1402 3861 ἐξ
1424 3776 1466 3849 ὧν
1488 3782 1504 3849 ό
1526 3778 1626 3871 λόγος,
1648 3781 1730 3848 ἀλλὰ
1751 3789 1801 3849 καὶ
1823 3789 1858 3850 ἐκ
1878 3793 1942 3850 τῶν
1955 3793 2045 3874 λεγο-

284 3909 381 3995 μένων
402 3910 467 3996 περὶ
488 3905 641 3972 αὐτοῦω.)

453 4027 629 4114 Postquam
651 4031 711 4092 tria
732 4047 804 4093 esse
826 4027 983 4092 bonorum
1005 4047 1134 4112 genera,
1156 4027 1239 4092 bona
1261 4030 1371 4109 animi,
1393 4031 1544 4110 corporis,
1571 4031 1712 4108 externa,
1735 4031 1766 4090 et
1788 4045 1913 4092 summa
1935 4050 2045 4093 eorum

287 4149 372 4214 bona
393 4168 465 4213 esse
487 4150 588 4213 animi
608 4148 746 4232 legimus
771 4144 1009 4228 10981212-15,
1035 4149 1187 4210 secuntur
1216 4142 1272 4220 τὰς
1303 4140 1339 4210 δὲ
1370 4137 1488 4234 πράξεις
1514 4149 1564 4210 καὶ
1590 4143 1645 4220 τὰς
1671 4147 1815 4233 ἐνεργείας
1843 4142 1898 4221 τὰς
1920 4145 2048 4233 ψυχικὰς

286 4269 351 4354 περὶ
372 4263 470 4353 ψυχὴν
490 4269 623 4354 τίθεμεν,
651 4288 681 4330 r.
707 4267 745 4330 15
768 4287 814 4351 sq.
857 4266 947 4331 Haec
979 4287 1044 4330 non
1069 4265 1233 4350 intellego:
1262 4268 1341 4331 nihil
1366 4267 1453 4331 aliud
1479 4269 1566 4331 onim
1587 4265 1769 4350 significant
1801 4286 1897 4351 qnam
1928 4287 2048 4332 meram

287 4388 507 4474 tautologiam:
544 4389 664 4470 „animi
697 4389 837 4452 actiones
864 4387 963 4450 animi
991 4387 1095 4450 suut‘.
1150 4407 1224 4451 cum
1251 4389 1409 4451 sententia
1435 4389 1542 4470 potius
1576 4388 1730 4470 postulet:
1762 4390 1816 4468 „in
1849 4388 1942 4452 benis
1974 4393 2050 4451 sunt

287 4509 416 4572 enimi‘.
460 4507 539 4572 Inde
561 4510 648 4573 enim
681 4509 826 4593 sequitur
852 4507 1093 4590 beatitudiuem,
1124 4509 1152 4570 si
1181 4507 1311 4596 ἐνέργεια
1339 4507 1436 4595 ψυχῆς
1466 4515 1529 4590 est,
1562 4528 1603 4572 ex
1637 4509 1737 4572 animi
1763 4509 1855 4574 bouis
1878 4527 1950 4573 esse
1984 4527 2051 4571 om·

288 4631 380 4694 nium
407 4627 564 4693 bonerum
596 4629 740 4712 optimis:
771 4623 852 4690 οὕτω
881 4633 944 4689 τῶν
977 4629 1042 4714 περὶ
1064 4623 1160 4714 ψυχὴν
1182 4626 1312 4714 ἀγαθῶν
1332 4629 1447 4714 γίνεται
1480 4630 1556 4693 dicit
1576 4631 1734 4713 Aspasiae
1756 4649 1786 4713 p.
1811 4630 1891 4712 2·2‚1.
1934 4627 2050 4692 Nonne

287 4750 386 4834 igitur
407 4748 579 4812 exiderunt
604 4749 668 4823 <tv
688 4754 783 4823 τσῖς>
810 4747 862 4811 vol
890 4753 964 4825 <εἱς
984 4742 1057 4816 τὰ)
1086 4753 1159 4812 ante
1180 4751 1244 4836 περὶ
1266 4745 1387 4835 dogio?

457 4869 579 4934 1099⁸7
601 4888 649 4954 sq.
672 4868 785 4934 tradita
806 4872 883 4932 sunt
911 4861 948 4930 τὸ
971 4863 1102 4955 μὲνγὰρ
1123 4861 1254 4939 ἥδεσθαι
1275 4874 1338 4931 τῶν
1360 4866 1504 4955 ψυχικῶν.
1554 4867 1637 4945 Quid
1669 4872 1779 4953 poscat
1807 4867 1976 4946 sententia,
2001 4867 2051 4928 in-

287 4989 412 5053 tellexit
443 4989 706 5072 Salomon¹⁰¹):
738 4991 822 5060 <nal
842 4991 938 5078 περὶ>
971 4981 1013 5051 τὰ
1040 4981 1162 5076 ρυχικόι.
1212 4988 1330 5053 Lenior
1356 4990 1507 5054 correctio
1537 4995 1603 5053 est:
1636 4989 1802 5076 <γὶγνεται
1823 4987 1874 5048 καὶ
1895 4986 1962 5052 ἐκ)
1988 4987 2051 5045 τῶν

282 5107 427 5196 ψοχυιῶν.
471 5107 638 5174 Praeterea
659 5113 765 5174 autem
788 5131 818 5174 r.
839 5109 887 5174 10.
908 5099 944 5171 δὲ
964 5107 1208 5194 permutandum
1238 5113 1287 5173 est
1313 5127 1388 5172 cum
1415 5099 1471 5177 tt:
1505 5129 1579 5173 nam
1613 5108 1748 5173 duarum
1781 5108 2049 5191 propresitiouum

452 5367 515 5434 101)
531 5364 617 5420 Notos
635 5381 669 5420 ou
688 5363 841 5420 Aristotle'a
861 5362 964 5426 umisa,
982 5363 1068 5419 class.
1086 5362 1150 5418 Rev.
1171 5361 1224 5417 III.
1247 5361 1320 5419 1889.
1341 5379 1368 5432 p.
1387 5361 1438 5416 196
1455 5379 1496 5432 sq.
