4820 5922
1112 283 1369 358 ...ιρ-

354 513 472 568 turtur.
518 503 696 566 Guilelmus
716 501 801 562 enim
812 499 1052 562 Moerlrecensis
1073 499 1188 564 πᾶσαν
1208 519 1317 561 vocem
1339 506 1413 580 pest
1430 496 1578 584 μάλιστα
1592 500 1719 563 demum
1736 501 1825 582 legit,
1847 521 1938 583 quam
1953 509 2117 584 praeterea

357 624 458 686 codex
479 621 746 696 Mediolsnensis,
777 621 831 701 qui
858 619 1000 682 eiusdem
1030 638 1102 680 cum
1130 619 1217 680 illius
1240 619 1412 700 exemplari
1435 619 1575 682 familiae
1594 627 1661 696 est,
1689 639 1819 702 prorsus
1842 621 1949 683 omisit
1968 627 2003 684 et
2022 621 2065 683 1³⁴
2085 624 2119 684 ln

355 743 497 824 margine
528 743 695 804 delendam
725 758 798 802 esse
823 725 997 819 significet,
1027 744 1064 799 ut
1088 739 1221 818 vestigia
1247 739 1399 818 quaedam
1426 739 1493 800 reri
1519 740 1613 802 etiam
1641 741 1674 800 iu
1702 739 1753 802 luis
1781 741 1871 802 libris
1898 744 2118 804 remanserint.

358 863 550 926 Guilelmum
574 861 673 941 igitur
693 860 810 932 secuti,
839 877 903 919 nou
927 875 997 918 csse
1020 857 1162 918 Platonis
1182 856 1300 918 iudicio
1321 876 1414 937 quam
1436 859 1588 938 optimum
1612 860 1673 922 toti
1698 857 1817 919 civitati
1840 866 1876 920 ot
1895 880 1955 922 uno
1975 863 2032 938 sit,
2061 864 2118 924 sed

358 983 509 1064 optimum
537 983 602 1044 sive
628 982 724 1042 linem
753 998 824 1040 esse
852 979 972 1040 civitati
997 985 1031 1038 ut
1058 983 1124 1038 tota
1156 995 1245 1056 quum
1273 976 1406 1038 menime
1435 996 1496 1038 unc
1524 977 1581 1050 sit,
1611 997 1691 1057 quae
1714 997 1787 1038 vera
1809 986 1857 1040 est
1877 978 2018 1040 Platonis
2041 1000 2118 1042 sen-

359 1103 472 1178 tentia,
490 1103 671 1164 edocemur.

525 1220 561 1282 ln
583 1221 677 1281 huius
699 1227 803 1281 autem
825 1217 1005 1279 sententiae
1027 1217 1221 1278 refutatione
1243 1188 1323 1295 quoe
1350 1215 1500 1295 leguntur
1522 1215 1543 1276 l.
1557 1213 1696 1278 24-30
1723 1208 1827 1300 ἕτερον
1847 1214 1918 1302 γὰρ
1939 1216 2117 1304 συμμαχία

320 1413 323 1425 Ι
359 1335 416 1405 καί
439 1337 544 1414 πόλις·
567 1334 601 1403 τό
624 1333 684 1422 μίν
705 1333 773 1422 γὰρ
795 1335 839 1418 τῷ
858 1334 950 1418 ποσῷ
970 1315 1145 1418 χρήσιμον,
1166 1323 1234 1398 xo'lv
1254 1323 1279 1418 ᾖ
1299 1330 1336 1398 τὸ
1354 1329 1434 1399 αὐτὸ
1456 1334 1499 1416 τῷ
1519 1326 1592 1399 είδει
1614 1330 1782 1420 (βοηξιείας
1794 1331 1865 1421 γὰρ
1880 1333 1982 1418 χάριν
2003 1333 2022 1415 ἡ
2042 1357 2123 1418 συμ-

360 1454 471 1542 μαχία
487 1455 656 1540 πέφυκεν),
677 1449 783 1538 όίσιιερ
803 1445 847 1519 όν
867 1453 896 1518 εί
913 1450 1063 1538 σταθμός
1082 1457 1188 1518 πλεῖον
1208 1449 1336 1518 ἑλιιόσει
1346 1450 1409 1534 ει)·
1429 1453 1540 1518 διοίσει
1561 1447 1595 1518 dl
1615 1452 1659 1535 τρῖ
1673 1451 1803 1536 τοιούτῳ
1818 1448 1875 1520 καί
1890 1451 1981 1528 πόλις
1995 1445 2124 1530 ἔθνους,

361 1568 442 1641 ὅταν
461 1569 612 1656 μὴκατὰ
633 1570 747 1656 κόμας
768 1561 829 1636 ὦσι
849 1569 1083 1654 κεχωρισμένοι
1107 1565 1142 1634 τὸ
1162 1569 1294 1652 πλῆθος,
1311 1567 1381 1636 ἀλλ’
1404 1563 1654 1652 οἷονἊρτιοίδες·
1676 1571 1710 1655 ἐξ
1730 1561 1776 1638 ὧν
1791 1569 1825 1639 dl
1840 1563 2124 1658 deiioycndms,

362 1685 435 1759 είδει
460 1689 602 1774 διαφέρει
630 1693 691 1752 iem
719 1691 937 1770 Contingio
965 1698 1057 1751 eruut
1084 1697 1242 1769 suspecto.
1293 1690 1354 1767 Qui
1381 1691 1442 1750 etsi
1470 1690 1564 1751 nimis
1591 1692 1707 1771 pressit
1735 1693 1829 1752 verba
1852 1692 2032 1772 scriptoris,
2061 1691 2122 1754 hoc

363 1821 468 1873 tamen
495 1816 584 1872 recte
613 1809 707 1885 vidit,
732 1829 798 1871 nou
826 1809 911 1870 idem
937 1827 1008 1870 esse
1036 1809 1140 1888 gentis
1165 1816 1197 1869 et
1224 1808 1359 1869 civitatis
1389 1829 1425 1871 ae
1448 1809 1588 1871 foederis
1615 1817 1649 1870 et
1675 1811 1810 1870 civitatis
1839 1811 2023 1886 discrimen,
2054 1831 2123 1872 cum

365 1932 471 2012 potius
494 1949 573 2012 gens
601 1947 665 1989 non
685 1930 789 1991 minus
811 1947 902 2008 quam
927 1927 1037 1988 civitas
1059 1946 1078 1988 e
1100 1927 1205 2007 specie
1230 1925 1362 1986 dirersis
1384 1927 1556 2006 compositu
1581 1927 1639 2006 sit,
1668 1946 1772 2007 neque
1795 1937 1939 2007 gentem,
1971 1909 2124 2008 quatenns

365 2071 444 2132 pens
475 2057 542 2125 est,
572 2055 608 2110 ut
636 2048 751 2110 foedus
774 2048 884 2110 utilem
906 2066 977 2109 esse
1003 2044 1048 2128 τῷ
1066 2044 1168 2128 ποσῷ.
1210 2045 1337 2106 Addere
1359 2045 1477 2125 potuit,
1507 2046 1708 2107 scribendum
1730 2046 1841 2108 saltem
1864 2046 1963 2110 inisse
1984 2067 2048 2110 nou
2069 2045 2125 2114 aul
2210 2045 2214 2050 ’

365 2165 454 2252 πόλις
482 2159 600 2242 ἔθνους
624 2168 681 2228 sed
704 2164 793 2243 πόλις
813 2162 871 2234 καὶ
891 2159 1008 2243 ἔθνους
1035 2163 1073 2250 (Ι.
1087 2161 1128 2227 27
1143 2161 1224 2246 sip),
1248 2164 1275 2224 si
1299 2164 1441 2226 dicturus
1464 2170 1532 2225 erat
1552 2164 1756 2241 Aristoteles,
1786 2166 1896 2227 ecdem
1917 2167 2042 2229 ratione
2063 2187 2123 2247 qua

367 2287 480 2349 foedus
503 2286 597 2347 etium
620 2291 748 2366 gentem
771 2306 789 2346 ε
811 2287 938 2347 ciritute
960 2285 1101 2346 differre.
1146 2282 1327 2356 Praeterea,
1357 2283 1391 2344 id
1412 2283 1496 2362 quod
1517 2283 1732 2364 gratissimum
1754 2292 1819 2359 est,
1848 2286 1987 2346 membro
2009 2279 2046 2350 τό
2065 2280 2126 2367 μὲν

365 2401 433 2490 γὰρ
456 2403 501 2486 τῷ
522 2403 613 2486 nocui
632 2400 795 2488 χρήσιμον
896 2400 1024 2469 ἓλιιιίσει
1045 2403 1220 2483 respondet
1237 2402 1371 2463 ulterum
1394 2403 1424 2463 ei
1448 2403 1638 2483 oppositum,
1661 2401 1920 2482 quod'commute
1943 2409 2066 2464 tantum
2087 2406 2125 2465 cb

367 2544 406 2588 eo
427 2524 636 2604 separandum
656 2529 716 2599 est,
737 2520 771 2605 όξ
791 2510 837 2587 ὧν
859 2517 894 2588 δὲ
916 2525 969 2588 δεῖ
983 2512 1018 2586 ἓν
1037 2518 1207 2607 γενέσθαι,
1228 2515 1299 2585 εἴδει
1321 2518 1473 2604 διαφέρει,
1495 2521 1529 2581 iu
1549 2539 1614 2600 ,quo
1637 2522 1755 2582 rectius
1772 2521 1917 2596 tortasse,
1940 2529 1976 2583 ut
1990 2523 2127 2584 coniecit

367 2643 656 2734 Buechelerus,
685 2642 842 2704 scribetur
867 2633 940 2707 είδει
961 2644 1026 2706 δεῖ
1040 2635 1267 2724 διαφίρεινι
1295 2638 1348 2718 qui
1371 2640 1599 2700 sententiarum
1620 2660 1719 2702 nexus
1741 2641 1834 2721 plane
1857 2644 2002 2703 turbatur
2023 2644 2124 2702 inter-

371 2764 473 2844 positu
502 2762 557 2823 illc
583 2761 768 2842 parenthesi
795 2755 1021 2826 ductandi..
1044 2755 1232 2842 .’Δριιοίδες.
1275 2758 1385 2837 Neque
1412 2756 1504 2819 deest
1525 2759 1554 2818 ei
1578 2760 1676 2839 magis
1697 2759 1832 2821 idoneus
1857 2760 1945 2821 locus
1966 2761 1998 2822 iu
2021 2761 2122 2839 capite

371 2883 473 2964 primo
502 2886 576 2962 post
600 2880 695 2940 verbu
719 2877 739 2958 ἡ
760 2873 829 2964 γὰρ
857 2874 996 2943 πολιτεία
1022 2873 1177 2943 κοινωνία
1197 2900 1243 2952 τις
1264 2875 1347 2957 ἐστι,
1374 2870 1432 2940 καί
1453 2875 1576 2959 πρῶτον
1597 2874 1731 2963 ἀνάγκη
1754 2877 1811 2943 τοῦ
1831 2875 1929 2945 τόπου
1948 2881 2121 2957 κοινωνεῖν,

370 2998 390 3066 δ
412 2995 473 3085 μὶν
500 2998 568 3086 γὰρ
590 2995 685 3072 τόσος
710 2989 754 3073 εἷς
773 2993 791 3060 ὁ
811 2996 864 3076 τῆς
885 2995 963 3082 μιᾶς
983 2994 1120 3078 πόλεως,
1145 2994 1175 3059 oi
1194 2991 1229 3062 δλ
1248 2998 1370 3059 πολῖται
1393 2989 1544 3058 κοινωνοὶ
1567 2994 1622 3075 τῆς
1644 2994 1722 3080 μιᾶς
1746 2991 1865 3072 πόλεως
1887 2992 1997 3070 12605,
2019 2993 2061 3056 40
2080 3029 2124 3042 -

371 3115 453 3181 1261
461 3127 488 3195 ⁰,
510 3115 540 3179 l.
583 3115 653 3178 Nou
675 3116 760 3178 enim
782 3123 848 3190 est,
877 3115 982 3195 iuquit
1000 3113 1206 3190 Aristoteles,
1235 3115 1345 3175 civitas
1366 3115 1437 3175 siue
1458 3114 1521 3175 loci
1541 3117 1760 3176 communione
1781 3135 1881 3197 eaque
1901 3120 1970 3199 ipso
1990 3137 2025 3178 re
2047 3135 2125 3196 geno

373 3237 503 3300 differet
523 3256 542 3296 a
563 3236 709 3311 civitate,
736 3235 819 3315 quud
842 3233 978 3294 civitatis
1000 3235 1077 3296 socii
1098 3251 1162 3296 non
1184 3235 1254 3296 sine
1277 3235 1354 3294 urbe
1375 3234 1540 3313 pervices
1563 3234 1698 3315 dispersi
1719 3243 1810 3311 sunt,
1843 3236 1897 3297 sed
1918 3237 1965 3297 its
1984 3235 2126 3296 habitant

373 3345 412 3418 ut
431 3357 569 3418 Arcades
600 3361 672 3435 post
697 3354 857 3416 conditam
881 3351 1108 3434 Megalopolim
1152 3351 1186 3414 ln
1214 3359 1309 3433 geute
1334 3353 1419 3414 enim
1446 3353 1490 3414 ita
1512 3355 1643 3433 sparsim
1671 3355 1851 3431 habitante,
1879 3361 1914 3416 ut
1936 3354 2127 3435 Gouringi

373 3477 468 3537 verbu
487 3493 556 3535 mea
577 3472 703 3548 faciam,
724 3472 812 3533 nulla
834 3480 885 3534 est
906 3472 1094 3547 communio,
1115 3471 1148 3532 in
1170 3473 1296 3532 civitate
1318 3477 1422 3533 autem
1444 3472 1587 3552 perlecto
1606 3475 1749 3536 societas.

541 3589 604 3653 lom
636 3591 750 3652 transit
778 3592 812 3652 in
841 3591 946 3670 capite
973 3591 1101 3653 tertio
1129 3589 1336 3671 philosophus
1361 3591 1401 3651 ad
1423 3590 1456 3650 id
1478 3590 1774 3669 demonstrandum,
1801 3595 1885 3673 quod
1908 3601 2002 3655 antea
2022 3593 2127 3676 priore

376 3714 446 3773 loco
466 3715 626 3792 posuerat,
646 3706 683 3774 δι’
705 3697 746 3788 ἣν
765 3705 872 3774 αἰτίαν
890 3704 969 3791 φησὶ
990 3712 1058 3774 δεῖν
1079 3707 1355 3794 νενομοθετῆσβαι
1374 3705 1430 3774 τόν
1443 3707 1558 3794 τρόπον
1572 3710 1684 3776 τοῦτον
1698 3708 1716 3776 ὁ
1732 3710 1907 3796 Σωκράτης,
1928 3709 2128 3794 οὐφαίνεται

375 3834 559 3915 συμβαῖνον
576 3827 614 3895 ἔτι
635 3826 696 3894 ιὸν
716 3824 836 3914 λόγων,
856 3825 971 3902 1261«,
993 3825 1032 3889 ll
1049 3847 1106 3907 sq,
1128 3827 1155 3887 si
1173 3828 1232 3888 iam
1250 3827 1382 3887 maxima
1401 3828 1504 3888 unitas
1526 3827 1599 3889 linis
1614 3831 1656 3889 sit
1670 3829 1817 3905 civitatis,
1840 3837 1944 3892 tamen
1959 3833 2129 3893 liberorum

377 3948 605 4026 mulierumque
628 3945 847 4006 communione
863 3945 987 4007 Platoni
1009 3947 1169 4026 proposita
1192 3963 1255 4008 non
1278 3965 1373 4026 posse
1392 3949 1589 4028 comparari.
1630 3948 1674 4011 Et
1687 3950 1822 4030 primum
1838 3951 1964 4029 quidem
1979 3951 2129 4024 ostendit,

378 4070 405 4130 oi
426 4067 533 4128 cuncti
553 4065 672 4145 eliquid
694 4083 783 4126 suum
805 4083 875 4126 cose
896 4065 1018 4139 dicant,
1040 4083 1171 4144 quorum
1193 4083 1249 4144 pro
1275 4083 1309 4126 se
1332 4067 1463 4146 quisque
1487 4076 1622 4148 nequeat
1644 4068 1703 4130 hac
1724 4068 1958 4149 significatione
1981 4071 2042 4144 uti,
2070 4089 2130 4132 ne·

379 4206 531 4269 quoquam
558 4183 619 4246 hoo
645 4202 716 4245 csse
745 4183 875 4243 unitatis
903 4183 1180 4262 unanimitatisque
1205 4181 1446 4260 documentum,
1474 4184 1568 4246 immo
1596 4187 1680 4265 quod
1705 4194 1889 4248 cunctorum
1918 4193 2039 4248 tantum
2071 4187 2130 4248 huc

378 4307 501 4370 ratione
523 4304 576 4378 sit,
597 4301 731 4382 singulis
754 4303 857 4363 minus
880 4321 950 4364 esse
971 4321 1064 4364 curae
1085 4301 1199 4378 solere,
1222 4298 1334 4377 12610,
1358 4299 1398 4363 16
1411 4336 1449 4348 -
1464 4299 1580 4380 12620,
1602 4300 1631 4367 l.
1675 4303 1833 4366 Secuntur
1853 4306 1947 4366 verbo
1967 4297 2131 4381 irretirer

378 4420 514 4500 ἕκαστος
537 4415 613 4502 lule
636 4417 721 4504 λόγει
746 4415 803 4484 τόν
830 4409 868 4486 εὖ
891 4418 1070 4505 πράττοντα
1096 4417 1160 4485 rein
1185 4417 1320 4484 πολιτῶν
1345 4409 1366 4498 ἢ
1392 4420 1521 4503 κακῶς,
1553 4418 1690 4496 ὁπόστος
1715 4418 1872 4507 τυγχάνει
1906 4417 1961 4487 τὸν
1987 4420 2130 4510 ἀριθμόν

378 4536 425 4610 (όν
445 4571 477 4610 ιι
493 4567 519 4606 τ.
532 4547 562 4606 λ
584 4535 700 4612 12620,
724 4533 843 4619 lsqq.‚'
859 4541 973 4620 quibus
992 4558 1106 4602 norum
1130 4545 1239 4600 contra
1259 4536 1423 4601 Platonem
1442 4547 1661 4620 argumentum
1676 4541 1819 4616 allcrtur,
1841 4541 1869 4602 si
1884 4549 1971 4604 recte
1986 4562 2021 4604 se
2036 4543 2131 4607 habet

380 4661 475 4724 lectio
503 4651 556 4724 ἔτι.
604 4657 648 4718 At
674 4656 829 4736 quomodo
857 4678 937 4721 noro
964 4667 1149 4740 argumento
1173 4677 1243 4721 esse
1275 4666 1398 4740 potest,
1428 4660 1512 4739 quod
1539 4660 1674 4723 studium
1701 4679 1776 4742 erga
1799 4679 1868 4734 eus,
1898 4681 1976 4742 quos
2006 4672 2131 4726 nostros

380 4779 585 4861 appellamus,
607 4775 717 4838 eadem
740 4776 863 4840 ratione
885 4779 1071 4840 diminuitur
1092 4797 1211 4859 nosque
1230 4780 1325 4840 rebus
1347 4778 1438 4840 laetis
1453 4779 1645 4856 tristibusve,
1666 4799 1745 4860 quae
1760 4781 1807 4842 eis
1822 4781 2003 4862 obtingunt,
2020 4784 2131 4846 eadem

380 4898 503 4962 cutione
530 4895 633 4957 mlnus
663 4897 757 4959 simul
785 4897 938 4960 luctamur
967 4897 1097 4960 simulne
1124 4897 1345 4974 sollicitemur,
1376 4916 1438 4978 quo
1466 4900 1566 4962 molor
1588 4907 1638 4961 est
1659 4917 1767 4961 eorum
1787 4898 1948 4963 huminum
1969 4919 2130 4980 numerus,

547 5147 594 5215 nt)
612 5149 652 5202 lto
669 5151 826 5204 omibondtms
847 5159 886 5204 est
903 5165 959 5200 cnm
978 5146 1106 5203 Guilelmo
1124 5159 1148 5204 et
1166 5150 1212 5202 1²¹.
1249 5150 1331 5205 (lueri
1350 5149 1452 5224 ίλιιίορ.
