4820 5922
1129 393 1183 468 VI

281 595 497 662 haecomnia.
543 599 642 665 Multo
665 608 769 666 tamen
793 606 913 668 maiore
935 598 1007 668 eum
1029 604 1149 668 fiducia
1170 605 1268 668 rerba
1288 606 1385 669 1407*
1413 608 1546 672 22-25
1569 611 1616 671 sic
1637 611 1784 672 restituo:
1823 608 1949 690 ἔμελλον
1980 599 2036 691 γὰρ

280 704 452 800 διαλεχθεὶς
470 717 571 798 ἐκείνῳ
600 727 647 798 <,
681 727 706 783 εἰ
739 722 890 806 trivero>
918 713 994 784 reida
1028 724 1079 784 καὶ
1099 714 1174 786 τάδε
1197 725 1248 786 καὶ
1260 722 1285 804 ⁸)
1309 715 1379 805 ride,
1401 718 1592 812 πορεύεσθαι,
1625 721 1706 789 ἀλλὰ
1734 719 1789 812 μή·
1828 729 1954 810 ἔμελλον
1981 720 2038 810 γὰρ

281 825 455 920 διαλεχθεὶς
479 829 668 924 πορεύεσθαι,
703 843 764 922 εἰ9)
797 833 873 904 τάδε
895 843 945 905 καὶ
977 833 1052 906 τάδε
1087 845 1137 906 καὶ
1167 833 1229 907 ὧδε
1264 845 1384 930 ἐγένετο
1401 845 1451 928 ¹⁰),
1486 851 1517 910 ci
1544 866 1585 909 nc
1608 867 1689 930 opus
1712 848 1841 931 quidem
1866 847 1943 910 mihi
1965 865 2036 909 esse

281 955 406 1019 videtur
428 962 623 1041 argumentis
657 963 716 1025 lroc
749 962 939 1044 confirmari,
966 965 1065 1026 immo
1098 983 1210 1027 omnes
1238 967 1333 1028 etiam
1355 968 1426 1028 sino
1457 966 1725 1030 demonstratione
1748 966 1923 1030 credituros
1958 967 2036 1029 mibi

282 1095 353 1140 esse
373 1095 472 1160 spero.
516 1077 628 1142 Haesit
649 1082 711 1144 iarn
734 1080 897 1146 Roenrer
920 1083 1069 1168 recteque
1092 1084 1131 1146 de
1153 1084 1250 1148 altero
1273 1075 1455 1170 διαλεχθείς,
1485 1090 1521 1149 ut
1540 1085 1652 1148 tradita
1674 1091 1749 1149 sunt
1782 1086 1888 1166 verba,
1914 1085 2035 1149 scribit:

283 1215 362 1276 „uec
384 1198 488 1278 videa,
511 1200 587 1282 quid
611 1202 669 1264 hoc
692 1203 759 1264 loco
783 1201 843 1266 sibi
867 1203 945 1266 velit
966 1195 1170 1289 draiqbair‘t
1192 1208 1297 1266 cetera
1318 1209 1436 1286 tamem
1459 1225 1541 1290 quaa
1557 1205 1652 1285 addit,
1675 1206 1731 1268 rix
1747 1206 1935 1269 refutatione
1958 1204 2035 1267 mihi

283 1333 376 1399 egere
397 1318 604 1400 videntur¹¹).

451 1438 552 1501 Aliter
574 1458 608 1502 se
637 1459 687 1504 res
711 1439 803 1503 habet
836 1446 870 1504 in
893 1440 999 1505 verbis
1021 1442 1133 1524 capitis
1153 1443 1257 1504 sexti
1283 1441 1378 1505 1407*
1400 1442 1437 1503 31
1462 1443 1513 1504 καὶ
1528 1452 1709 1528 μεταφοραῖς
1723 1435 1846 1511 dalaia:
1868 1443 1928 1506 hoc
1950 1443 2037 1506 eninr

283 1552 351 1618 loeo
373 1575 503 1639 prorsus
527 1561 666 1623 incertus
684 1580 766 1640 sum,
800 1567 919 1624 utrum·
934 1553 1042 1631 ςδεῦ
1071 1552 1182 1632 δηλοῦν
1204 1563 1373 1638 coniciam,
1408 1567 1444 1624 ut
1464 1562 1591 1626 tollatur
1613 1563 1803 1644 ambiguitas
1825 1563 1928 1642 (facile
1951 1565 2036 1626 enirn

282 1675 316 1736 iu
338 1675 451 1739 tradita
473 1677 607 1742 lectione
626 1683 726 1762 possit
749 1683 866 1764 aliquis
887 1681 967 1744 falso
992 1681 1119 1745 credere
1140 1684 1279 1765 protasia
1306 1701 1332 1742 ν.
1351 1683 1390 1744 29
1406 1683 1456 1742 aab
1478 1677 1531 1744 ἐὰν
1551 1675 1671 1767 αἰσχρὸν
1692 1677 1710 1750 ἦ
1731 1679 1858 1766 ἀπρεπές
1878 1683 1972 1745 etiam
1994 1683 2034 1746 ad

283 1794 363 1859 haec
385 1801 416 1859 et
438 1798 476 1861 ad
498 1803 664 1882 sequentia
688 1801 840 1882 tendere),
862 1821 902 1864 an
926 1803 984 1864 hoc
1007 1803 1049 1864 sit
1070 1804 1174 1885 ipsum
1198 1804 1355 1885 corrigere
1373 1802 1584 1865 Aristotelem.

451 1916 489 1981 In
513 1920 672 1984 secundae
693 1922 863 2005 particulae
896 1920 1038 1985 membro
1071 1922 1179 2002 altero,
1214 1922 1272 1984 hoc
1308 1926 1357 1984 est
1377 1923 1409 1984 in
1433 1924 1535 2005 eapite
1564 1939 1663 1983 nono
1697 1919 1759 1984 duo
1798 1920 2038 2004 distinguuntur

284 2037 519 2103 enuntiatorum
533 2045 708 2106 structurae
724 2062 851 2126 genera,
862 2033 941 2116 λέξις
959 2041 1092 2128 εἰρημένη
1115 2045 1147 2104 et
1164 2033 1245 2114 λέξις
1259 2039 1506 2126 κατεστραμμένη
1519 2042 1588 2103 sive
1603 2041 1760 2123 perioduS,
1776 2041 1869 2104 1409·
1888 2041 2038 2121 24213,

285 2175 420 2239 quorum
443 2159 496 2223 illa
520 2161 619 2226 multo
641 2165 759 2243 minue,
779 2163 856 2226 haec
878 2162 976 2226 multo
1000 2165 1101 2245 magis
1125 2159 1280 2245 probatur.
1325 2159 1523 2244 Quapropter
1541 2160 1656 2223 deinde
1679 2161 1825 2242 inprimis
1848 2161 1886 2224 de
1909 2161 2038 2244 periodo

286 2296 390 2342 sermo
413 2285 471 2362 est,
492 2283 536 2345 ita
557 2287 674 2364 tamen,
698 2289 734 2348 nt
756 2285 853 2347 simul
873 2303 910 2346 ea
926 2303 1054 2366 quoque
1069 2286 1252 2359 tractentur,
1276 2299 1358 2362 quac
1374 2279 1500 2364 periodo
1516 2299 1588 2342 cum
1611 2270 1692 2352 λέξει
1707 2279 1840 2365 εἰρημένη
1856 2283 2038 2346 eommunia

285 2402 369 2460 sunt.
417 2399 555 2486 Utraque
577 2405 663 2466 enim
687 2404 778 2486 plura
800 2406 905 2488 potest
924 2401 1038 2465 habere
1059 2401 1143 2480 cola,
1170 2406 1302 2482 utraque
1325 2419 1425 2463 unum
1445 2400 1672 2477 tantummodo,
1703 2410 1735 2462 et
1756 2401 1847 2483 plura
1869 2403 1896 2463 si
1932 2401 2036 2482 habet,

285 2523 389 2600 potest
410 2512 568 2606 διῃρημένη
591 2524 642 2586 rol
667 2519 854 2606 ἀντικειμένη
880 2541 952 2585 esse
975 2521 1152 2585 secundum
1176 2520 1373 2600 Aristotelis,
1400 2521 1531 2584 sirecte
1554 2541 1622 2583 eam
1649 2519 1809 2602 intellego,
1836 2523 2037 2602 sententiam,

286 2655 475 2722 quamquam
499 2641 581 2705 haud
615 2641 711 2706 dubie
734 2643 861 2705 exculta
893 2644 1014 2706 ratione
1048 2647 1079 2704 et
1101 2641 1270 2704 artificiosa
1303 2643 1336 2702 in
1369 2639 1533 2724 periodum
1561 2639 1660 2704 sclam
1684 2641 1760 2703 baec
1782 2640 1907 2704 cadunt.
1954 2639 2035 2724 llrgc

286 2765 372 2822 recte
394 2761 541 2825 traditum
567 2769 615 2826 est
651 2753 731 2835 λέξις
754 2760 850 2826 14091
880 2765 917 2824 ll
940 2767 971 2825 ot
993 2753 1104 2834 λέξεως
1127 2761 1223 2824 lliiill
1249 2759 1299 2840 33,
1323 2758 1376 2823 ubi
1409 2751 1543 2844 περίοδος
1574 2765 1605 2822 et
1636 2751 1772 2846 περιόδου
1794 2763 1953 2844 possimus
1977 2781 2033 2824 ex·

286 2887 415 2961 pectere.
463 2883 595 2966 Nequeo
622 2883 679 2946 bac
701 2885 734 2946 in
762 2857 795 2947 re
822 2883 950 2945 laudaro
970 2901 1075 2964 neque
1096 2885 1217 2963 gratam
1230 2879 1465 2962 neglegentiam
1489 2879 1645 2963 appellare
1667 2880 1858 2963 disponendi
1882 2881 2034 2944 rationem

285 2999 323 3063 ab
347 3002 517 3066 Aristotele
539 3002 721 3086 adhibitam,
744 3023 818 3066 nam
839 3002 1009 3066 obscurum
1032 3003 1077 3062 sic
1099 3005 1157 3081 est,
1181 3006 1284 3062 utrum
1300 3001 1395 3062 retiam
1410 3018 1541 3081 prorsas
1556 3000 1769 3063 antithetieam
1786 3000 1869 3084 apud
1885 2999 2034 3082 Gorgiam

283 3122 417 3205 eiusque
442 3124 584 3186 aenrulcs
608 3125 844 3187 enuntiatorum
868 3123 1129 3206 compositionem
1162 3139 1218 3203 pro
1252 3139 1326 3182 rere
1358 3120 1517 3202 periodica
1540 3118 1652 3183 lrabeat
1674 3139 1784 3182 arcane.
1831 3119 1908 3183 Utut
1929 3127 2035 3184 autem

284 3242 342 3304 hoc
365 3261 400 3305 se
420 3241 526 3325 habet,
563 3253 647 3306 certe
670 3246 812 3327 ineptum
847 3215 1072 3307 mibi'videtur
1098 3241 1364 3320 additamentum,
1399 3241 1482 3322 quod
1515 3242 1578 3303 iam
1613 3241 1863 3323 Spengelium
1894 3240 2034 3322 offendit,

279 3359 378 3448 ὥσπερ
395 3358 477 3432 aair‘.
492 3365 529 3446 ¹²)
551 3355 685 3450 περίοδος
696 3367 729 3427 in
746 3363 852 3428 verbis
876 3365 939 3427 illis
958 3364 1051 3428 1409*
1070 3363 1203 3426 13-16
1222 3364 1301 3422 ἔστιν
1321 3353 1347 3420 δ’
1369 3362 1399 3422 έν
1421 3350 1530 3432 κώλοις
1548 3355 1601 3443 μὲν
1620 3350 1700 3432 λέξις
1719 3353 1739 3428 ἡ
1761 3359 1978 3443 τετελειωμένη
1999 3382 2034 3422 τε

280 3485 330 3545 καὶ
352 3476 510 3570 διῃρημένη
530 3485 581 3545 καὶ
602 3475 843 3558 εὐανάπνευστος,
869 3481 910 3570 μὴ
933 3487 963 3547 έν
983 3489 1022 3564 τῇ
1045 3475 1184 3568 διαιρέσει
1215 3479 1313 3567 ὥσπερ
1337 3479 1386 3541 καὶ
1407 3473 1426 3547 ἦ
1448 3469 1590 3563 περίοδος,
1615 3475 1680 3540 ἀλλ’
1700 3476 1757 3547 ὅλη
1784 3479 1927 3543 hocloco
1943 3480 2026 3543 v·l5

278 3605 427 3686 positum.
474 3603 508 3667 Si
531 3607 682 3687 scriptum
706 3611 792 3668 esset
811 3603 864 3688 μὲν
886 3601 984 3692 ὥσπερ
1006 3608 1088 3666 πᾶσι
1108 3594 1300 3686 liband-ao
1322 3603 1372 3663 aad
1393 3594 1412 3668 ri
1435 3590 1578 3684 περίοδος,
1602 3600 1708 3662 omnia
1731 3603 1839 3661 essent
1861 3599 1965 3682 plana,
1988 3601 2034 3662 sie

279 3741 354 3787 vere
378 3725 485 3788 denuo
507 3725 736 3808 Spengelio,
758 3727 840 3788 sicut
855 3725 932 3806 dixi,
952 3727 1133 3806 praecunte,
1149 3723 1210 3806 ¹qui
1225 3727 1330 3786 tamen
1347 3719 1430 3783 haud
1447 3725 1529 3781 recte
1545 3717 1583 3781 de
1599 3719 1719 3800 periodi
1737 3726 1860 3782 tantum
1883 3718 2033 3790 membris

280 3843 338 3905 boc
362 3844 428 3907 loeo
452 3863 632 3910 sermonem
656 3866 728 3910 csse
760 3845 936 3926 contendit,
967 3843 1044 3907 mihi
1072 3837 1320 3925 deprehendere¹
1337 3839 1446 3902 videor
1474 3837 1704 3921 interpolatoris
1731 3857 1859 3901 manum
1883 3843 2031 3902 notamre

278 3965 497 4046 marginalem,
520 3967 658 4049 quaein
683 3969 750 4050 ipsa
773 3965 869 4030 verba
891 3967 1025 4047 irrepsit.

448 4084 516 4148 Nec
540 4089 645 4150 minus
662 4089 776 4150 mirum
798 4091 854 4164 est,
878 4083 960 4168 quod
978 4082 1185 4166 philosophus
1210 4079 1263 4144 ubi
1288 4083 1395 4141 tractat
1421 4082 1484 4140 tres
1510 4075 1629 4158 figuras
1652 4079 1839 4162 Gorgianas,
1872 4075 2031 4155 ἀνιέθεοιν,

279 4204 448 4288 rapiebam,
470 4205 678 4292 παρομοίωοιν,
704 4205 799 4270 lacui
828 4201 1018 4267 35—1410l
1046 4206 1075 4283 5,
1102 4201 1141 4264 do
1163 4201 1359 4284 paromoeosi
1382 4203 1413 4260 et
1438 4198 1616 4259 accuratius
1639 4199 1769 4281 quidem
1790 4199 1829 4262 de
1852 4198 2030 4262 homoeote-

446 4515 474 4582 8)
492 4515 572 4568 Delet
589 4515 717 4583 Kayser
735 4516 804 4567 Ana.
823 4511 888 4582 phil.
907 4509 952 4566 cl.
973 4511 1047 4564 1870.
1067 4525 1092 4576 p.
1113 4506 1145 4562 12
1164 4504 1234 4558 haud
1254 4504 1330 4566 mele,
1349 4507 1378 4557 at
1396 4521 1483 4558 nonne
1510 4505 1549 4557 sie
1577 4503 1659 4557 etiam
1677 4507 1740 4558 ante
1757 4505 1872 4558 alterum
1899 4492 1948 4576 ala
1978 4503 2029 4557 boc

280 4599 437 4654 vocabulum
458 4601 544 4656 delore
563 4602 696 4657 debebat?
714 4603 774 4656 Hoc
793 4605 882 4654 tamen
903 4614 994 4652 vereor
1011 4614 1044 4650 ne
1062 4595 1159 4648 nimiae
1176 4592 1303 4646 andaciae
1321 4591 1366 4645 sit.

447 4690 477 4755 9)
496 4690 554 4744 Ηοο
571 4691 641 4745 enirn
664 4689 773 4761 praebet
793 4690 844 4750 Aa,
872 4686 985 4757 pessima
1005 4677 1056 4736 alra
1074 4681 1156 4736 ceteri
1174 4679 1278 4736 cedices
1304 4683 1332 4732 et
1354 4681 1461 4733 vetusta
1478 4677 1620 4732 translatio
1639 4681 1666 4730 et
1685 4677 1814 4731 editiones
1834 4695 1936 4732 omnes:
1966 4694 2027 4732 nam

280 4791 348 4844 quaa
366 4775 394 4830 in
412 4781 476 4830 nota
494 4778 596 4847 profert
615 4778 771 4836 Roemer.
789 4775 889 4831 nullius
909 4773 1037 4827 momenti
1055 4773 1127 4824 sunt.

448 4865 491 4934 10)
510 4865 567 4919 Hoc
585 4865 642 4920 loeo
661 4869 693 4919 ut
711 4864 845 4918 nonnullis
863 4862 923 4916 aliia
943 4875 1033 4913 reruni
1052 4859 1224 4910 serraverunt
1242 4857 1337 4909 contra
1355 4855 1391 4906 Αο
1414 4855 1442 4904 et
1461 4855 1512 4904 ret.
1530 4853 1624 4906 transl.
1644 4851 1747 4906 codices
1765 4850 1916 4904 deteriores.

448 4953 492 5018 11)
512 4953 572 5006 Sive
592 4969 652 5006 cnm
670 4951 753 5006 schol.
773 4955 885 5019 utroque
902 4949 960 5002 loco
978 4941 1027 5014 γὰρ
1045 4945 1230 5014 expungimus,
1243 4943 1307 5011 quia
1320 4941 1466 5009 posteriora
1484 4941 1559 4994 deest
1576 4939 1658 4994 etiam
1676 4941 1703 4993 in
1721 4940 1772 5004 Aa,
1790 4939 1846 4993 sira
1864 4943 1984 5008 utroque,
2003 4938 2031 4993 id

279 5037 348 5105 quod
366 5039 457 5105 probo,
475 5040 606 5110 ponimns,
625 5040 693 5094 nibil
711 5039 744 5092 ed
763 5055 827 5092 rem.

447 5129 493 5194 12)
512 5129 556 5183 Sic
575 5129 612 5182 Ac
638 5133 666 5181 et
684 5123 818 5190 arnald
838 5123 950 5194 εἰρημένη
970 5127 1030 5184 cat,
1049 5120 1093 5174 aad
1112 5118 1232 5189 εἰρημένη,
1261 5121 1293 5168 ut
1319 5119 1391 5169 reete
1418 5121 1508 5168 munet
1527 5113 1748 5183 Spengelius,
1777 5112 1847 5166 mala
1865 5114 2028 5168 correctione

280 5212 410 5268 menum
428 5221 478 5280 eat,
498 5221 547 5280 „ut
576 5231 669 5270 sensus
695 5213 850 5268 eraderet“:
879 5219 909 5266 at
934 5226 987 5264 non
1014 5208 1107 5271 erasit,
1134 5223 1195 5261 narn
1223 5204 1346 5274 opposita
1363 5203 1453 5272 potius
1477 5208 1518 5254 eat
1545 5200 1651 5270 periodo
1668 5199 1780 5270 εἰρημένη
1798 5198 1872 5261 atra:
1899 5200 2030 5255 evasisset

282 5301 376 5369 igitur,
396 5303 419 5357 ai
438 5307 571 5360 remeetur
589 5307 728 5374 praeterae
745 5301 856 5370 περίοδος
874 5316 921 5369 pro
941 5297 1046 5359 libra
1063 5295 1123 5358 λέξις
1140 5311 1187 5364 1)ῐο
1205 5291 1314 5360 raptabar
1331 5291 1489 5360 ⁸⁰flll⁸l⁸³⁰b
