4850 5918
1161 411 1207 474 tv

332 625 420 690 sium
443 625 646 690 Nisaeorum
670 625 770 710 nugis
793 625 895 688 etiam
919 625 1116 688 rudioribus
1139 626 1303 709 originem
1329 625 1472 688 traxerit
1497 645 1538 686 an
1563 645 1676 708 nugae
1704 622 1783 688 illae
1806 644 1947 706 prorsus
1970 623 2034 686 sint

332 752 500 815 interum
524 749 758 814 fabulosarum
782 771 924 814 numero
949 750 1139 814 habendae.
1186 749 1307 832 Neque
1341 749 1500 832 proiecto
1534 749 1602 812 hoc
1634 765 1685 812 est
1718 749 1831 832 magni
1865 747 2034 810 momenti.

333 877 441 940 Recte
456 892 569 940 tamen
593 877 659 938 iam
676 874 964 959 welckerum⁵)
988 875 1131 940 offendit
1155 896 1269 953 causa,
1294 895 1397 956 quam
1421 873 1607 938 attulerunt
1632 875 1866 958 Megarenses:
1914 874 1956 950 ὡς
1985 873 2035 937 ἐπὶ

332 1012 387 1087 τῆς
410 999 483 1088 παρ’
505 1009 609 1076 αὐτοῖς
632 1002 841 1086 δημοκρατίας
863 1002 1038 1087 γενομένης.
1085 1001 1243 1084 Namque
1275 999 1442 1064 sententia
1466 997 1602 1063 illorum
1635 999 1821 1062 verborum
1845 997 1936 1061 nulla
1969 995 2035 1060 alia

331 1125 404 1189 sine
427 1125 534 1189 dubio
562 1125 622 1190 nisi
656 1124 743 1190 haec
775 1141 841 1190 est:
888 1127 953 1190 iam
987 1127 1254 1209 antiquissimam
1284 1124 1376 1188 illam
1410 1125 1624 1188 comoediam
1655 1144 1752 1187 suam
1785 1123 2035 1187 contendebant

332 1251 376 1315 ad
401 1251 591 1314 irridendos
622 1271 684 1314 eos
707 1265 895 1333 spectasse,
919 1251 978 1332 qui
1001 1251 1032 1313 in
1057 1250 1236 1334 republica
1259 1250 1524 1315 administranda
1549 1248 1788 1313 versabantur:
1834 1263 1869 1310 at
1885 1248 1934 1311 sic
1950 1247 2035 1310 baec

256 1419 264 1436 .
334 1376 515 1440 comoedia
538 1397 605 1440 non
638 1389 708 1440 tam
740 1377 873 1439 Dorum
906 1376 1023 1440 fuisset
1055 1397 1158 1459 quam
1191 1396 1321 1452 eorum,
1354 1375 1413 1457 qui
1445 1373 1526 1438 olim
1559 1373 1681 1439 horum
1714 1372 1858 1455 imperio
1893 1371 2035 1436 subiecti

333 1517 438 1579 erant,
462 1516 542 1566 tunc
565 1522 651 1565 vero
674 1500 926 1565 rebellaverant
950 1516 984 1565 et
1007 1522 1119 1583 aequa
1143 1502 1217 1565 iura
1241 1522 1317 1564 cum
1350 1499 1495 1564 dominis
1527 1497 1700 1582 prioribus
1736 1513 2035 1581 recuperaverant.

332 1627 454 1710 Neque
478 1626 522 1689 A.
537 1626 753 1710 Koerteossi
777 1626 895 1712 largiri
911 1647 1063 1710 possum,
1082 1641 1118 1690 ut
1135 1626 1264 1710 pulvini
1281 1627 1407 1690 ventris
1423 1625 1548 1709 anique
1564 1625 1812 1689 comoedorum
1828 1623 2050 1722 Atticorum,¹

332 1773 409 1815 cum
433 1752 533 1815 etiam
552 1751 583 1815 in
598 1750 737 1834 Satyris
752 1749 944 1834 Silenisque
964 1751 1167 1815 saltantibus
1183 1765 1383 1834 appareant,
1401 1751 1459 1833 qui
1475 1750 1508 1813 in
1524 1750 1616 1815 vasis
1633 1750 1837 1833 quibusdam
1855 1747 2036 1828 Corinthiis

333 1876 414 1959 picti
437 1891 524 1954 sunt,
549 1898 570 1940 a
593 1876 718 1941 scurris
742 1876 1000 1960 Peloponnesiis
1024 1877 1068 1940 ad
1092 1875 1168 1942 illos
1185 1877 1386 1942 transierint.
1433 1878 1508 1941 Non
1527 1896 1680 1960 possum,
1697 1875 1777 1958 quia
1793 1875 1839 1938 de
1855 1874 2035 1960 tragoedia

331 2003 441 2066 verba
476 2001 605 2065 faciens
638 2000 844 2066 Aristoteles
878 2001 958 2066 dicit
993 2002 1146 2084 quidem:
1193 2006 1266 2069 ένιοι
1300 2013 1362 2068 τῶν
1396 2005 1429 2068 έν
1463 2003 1703 2087 Πελοποννήσῳ,
1739 2001 1836 2083 quod
1870 2020 1955 2065 vero
1990 1999 2034 2062 ad

332 2126 546 2191 comoediam
570 2127 701 2202 attinet,
722 2127 766 2190 de
786 2126 1047 2211 Megarensibus
1069 2126 1152 2191 solis
1175 2127 1338 2210 loquitur.
1384 2127 1474 2190 Nihil
1497 2127 1601 2212 igitur
1624 2149 1643 2190 e
1667 2125 1793 2190 talibus
1815 2125 1935 2210 figuris
1958 2145 2037 2188 con·

332 2251 472 2316 cludere
495 2253 619 2330 audeo,
650 2251 712 2315 nisi
744 2253 841 2334 quod
871 2252 938 2315 iam
971 2251 1138 2316 conclusit
1169 2252 1260 2316 Alb.
1296 2250 1508 2336 Mueller7),
1541 2253 1618 2315 dico
1655 2251 1905 2315 deformitatem
1942 2247 2035 2312 illam

332 2377 516 2441 cohaerere
540 2399 616 2441 cum
641 2379 735 2440 cultu
760 2377 915 2460 Dionysi.
963 2378 992 2441 E
1022 2379 1192 2462 scriptore
1221 2379 1398 2463 Megarico
1430 2377 1520 2442 haud
1554 2378 1659 2441 dubie
1683 2377 1794 2442 bausit
1818 2375 2034 2452 Aristoteles,

331 2504 395 2566 sed
419 2501 496 2586 quis
520 2503 629 2580 fuerit,
654 2503 783 2566 nescio:
820 2502 968 2566 fortasse
991 2502 1200 2568 Dieuchidas
1223 2518 1307 2567 erat.

492 2627 548 2691 Ex
571 2627 683 2692 altero
707 2627 919 2710 potissimum
944 2625 1023 2691 loco
1046 2648 1077 2710 4.
1105 2639 1208 2711 ι449·
1231 2651 1252 2711 9
1275 2649 1352 2712 sqq.
1375 2629 1525 2714 γενομένη
1550 2624 1632 2693 δὀὖν
1655 2626 1718 2710 (sic
1751 2637 1845 2691 r'ecte
1876 2627 2036 2692 Bekker

333 2774 398 2836 pro
421 2753 587 2838 γενομένης
610 2750 674 2834 οὖν,
699 2773 775 2814 nam
799 2748 880 2816 δὀόν
909 2752 1091 2834 requiritur
1125 2770 1270 2836 propter
1305 2753 1516 2836 praecedens
1551 2757 1606 2838 μέν
1639 2751 1694 2817 οὖν
1726 2773 1759 2816 ν.
1783 2751 1818 2836 7)
1853 2749 1907 2817 ἀπ’
1938 2755 2036 2839 ἀρχῆς

332 2879 625 2963 αὐτοσχεδιαοτικῆς
640 2879 693 2941 καὶ
710 2879 788 2960 αὐτη
804 2873 838 2958 (i.
855 2898 885 2940 e.
900 2878 921 2962 ἡ
937 2875 1106 2962 τραγῳδία)
1122 2880 1211 2964 καλὴ
1234 2847 1384 2998 κῖμῳδόα,
1408 2881 1461 2942 καί
1484 2879 1505 2960 ἡ
1534 2878 1588 2962 μέν
1611 2879 1673 2944 ἀπό
1689 2889 1752 2943 τῶν
1767 2879 1960 2964 έξαρχόντων
1982 2881 2035 2942 τόν

333 3001 535 3089 διθύραμβον,
557 3005 579 3087 η
602 3003 636 3067 δέ
658 3003 721 3066 ἀπό
744 3011 806 3066 τῶν
829 3005 868 3066 τὰ
890 3002 1039 3086 φαλλικά,
1064 3005 1084 3066 ἃ
1107 3005 1151 3068 έτι
1174 3006 1227 3068 καλ
1254 3014 1307 3068 νῦν
1335 3005 1368 3069 ἐν
1395 3001 1524 3082 πολλαῖς
1551 3011 1614 3068 τῶν
1641 3004 1763 3068 πόλεων
1792 3002 1925 3088 διαμένει
1954 3023 2035 3086 νομι-

332 3129 448 3211 ζόμενα
470 3152 501 3193 κ.
517 3150 545 3192 τ.
561 3129 591 3193 λ.
616 3127 690 3190 iure
712 3147 776 3191 suo
793 3125 1007 3211 collegerunt
1024 3128 1232 3191 recentiores
1239 3126 1266 3211 ⁸)
1291 3129 1473 3210 parabasin
1497 3128 1601 3191 luisse
1617 3127 1880 3191 vetustissimam
1897 3147 2033 3191 comoe-

332 3252 409 3316 diae
432 3252 570 3317 Atticae
594 3267 737 3335 partem,
762 3266 886 3335 utpote
909 3253 939 3314 in
964 3273 1033 3334 qua
1067 3274 1113 3317 ex
1143 3252 1358 3317 orationibus
1391 3252 1696 3336 extemporalibus,
1732 3273 1820 3335 quas
1853 3252 2035 3316 chororum

332 3375 558 3461 phallicorum
580 3378 687 3442 duces
711 3377 840 3441 addere
873 3375 1031 3441 solebant
1063 3377 1184 3442 horum
1218 3377 1400 3442 chororum
1435 3377 1619 3455 cantilenis,
1654 3378 1827 3441 extiterint
1859 3376 2035 3470 anapaesti

332 3518 366 3566 et
390 3502 604 3586 epirremata.

491 3627 564 3692 Sed
580 3648 727 3710 quanam
743 3629 875 3692 ratione
891 3651 937 3693 ex
957 3628 1009 3692 his
1033 3627 1243 3693 incunabulis
1266 3627 1431 3712 paulatim
1456 3649 1644 3712 progressa
1666 3628 1709 3692 sit
1733 3628 1820 3692 haec
1843 3629 2034 3706 comoedia,

331 3773 370 3816 se
393 3751 522 3816 nescire
557 3753 682 3816 latetur
710 3752 918 3817 Aristoteles
953 3753 1056 3818 tertio
1089 3751 1168 3818 loco
1200 3774 1313 3836 eoque
1345 3753 1550 3836 gravissimo
1574 3772 1604 3836 5.
1634 3762 1736 3836 1449·
1758 3773 1800 3837 37
1825 3774 1902 3835 sqq.
1926 3755 1957 3818 el
1981 3757 2035 3840 μέν

331 3873 385 3942 οὖν
418 3889 473 3962 της
504 3879 676 3963 τραγῳδίας
708 3879 890 3964 μεταβάσεις
920 3883 974 3944 καὶ
1006 3876 1045 3944 δι’
1077 3878 1120 3944 ὧν
1150 3880 1293 3964 ἐγένοντο
1316 3881 1353 3942 ου
1383 3877 1566 3964 λελήθασιν,
1589 3881 1610 3965 ἡ
1633 3879 1667 3944 δέ
1690 3880 1840 3964 κωμῳδία
1862 3880 1913 3943 διὰ
1933 3883 2034 3964 τὸμὴ

331 4001 567 4083 σπουδάζεσθαι
601 4003 634 4083 ἐξ
668 4006 767 4088 ἀρχῆς
800 4005 926 4069 ἔλαθεν.
972 4007 1026 4069 καὶ
1059 4008 1120 4090 γὰρ
1152 4008 1245 4091 χορόν
1275 4002 1437 4090 κωμῳδῶν
1465 4005 1524 4088 δψέ
1546 4027 1622 4070 ποτε
1645 4005 1707 4068 δ’
1686 4027 1792 4090 αρχων
1815 4006 1941 4083 ἔδωκεν,
1965 4001 2036 4070 ἀλλ’

331 4127 494 4192 ἐθελονταὶ
516 4127 596 4212 ἦσαν
619 4125 852 4212 (intellegendi
875 4144 954 4193 sunt
977 4127 1006 4194 ei
1028 4128 1199 4215 χορηγοόθ).
1253 4133 1312 4215 ἤδη
1335 4132 1370 4195 δέ
1393 4129 1430 4214 (Ι.
1454 4132 1506 4214 δὴε
1537 4143 1707 4194 structura
1730 4130 1969 4194 sententiarum
1993 4151 2036 4193 ea

332 4267 394 4330 est,
418 4253 463 4317 de
486 4273 555 4335 qua
578 4251 688 4317 verba
711 4253 775 4316 feci
798 4253 830 4316 in
854 4252 996 4332 Quaest.
1022 4253 1093 4318 crit.
1118 4255 1162 4317 de
1186 4253 1283 4337 polit.
1307 4235 1453 4318 Aristot.
1477 4253 1582 4332 libris,
1614 4253 1707 4338 Lips.
1737 4257 1830 4332 1886,
1855 4275 1889 4338 p.
1914 4257 1976 4337 363
2003 4275 2034 4318 n.

331 4379 373 4458 63
398 4392 433 4440 et
456 4397 491 4460 p.
508 4395 568 4460 421
594 4375 662 4461 sq.)
685 4375 832 4464 σχήματά
855 4399 923 4443 τινα
946 4381 1040 4463 αὐτῆς
1063 4380 1195 4465 έχοόσης
1218 4381 1247 4444 οἱ
1269 4378 1430 4465 λεγόμενοι
1453 4383 1549 4462 αὐτῆς
1572 4384 1694 4464 ποιηταὶ
1718 4378 1967 4465 μνημονεύονται,
1990 4379 2035 4457 τίς

330 4503 365 4567 δέ
397 4500 550 4588 πρόσωπα
581 4503 744 4570 ἀπέδωκεν
774 4507 796 4588 ἢ
828 4503 1000 4589 προλόγους
1031 4507 1052 4590 ἠ
1084 4506 1194 4590 πλήθη
1228 4507 1400 4590 ὑποκριτῶν
1428 4509 1481 4570 καί
1509 4508 1569 4570 όοα
1596 4515 1724 4571 τοιαῦτα
1751 4505 1900 4590 ἠγνόηται
1918 4552 1925 4567 .
1942 4508 1978 4570 τό
2001 4507 2035 4570 δέ

492 4715 513 4780 ⁵)
532 4717 716 4782 Epicharmos,
735 4715 779 4766 Ki.
798 4715 931 4767 Schriften
949 4718 968 4768 1.
988 4733 1014 4783 p.
1035 4727 1095 4780 274.

491 4802 781 4870 ⁶)Arcbaeoioglsebe
805 4804 916 4856 Studien
939 4823 985 4856 zur·
1002 4805 1074 4856 alten
1096 4806 1259 4869 Komoedie,
1281 4805 1372 4871 Jahrb.
1398 4807 1444 4857 des
1469 4808 1613 4858 deutschen
1636 4811 1895 4875 archaeologiseben
1919 4812 2034 4862 instituts

332 4893 375 4942 iii.
399 4895 474 4954 1893.
493 4909 521 4958 p.
541 4896 575 4954 89
593 4909 655 4958 sqq.

491 4979 512 5048 7)
531 4982 844 5034 Buehnenaltertbuemer
862 5000 890 5049 p.
911 4987 969 5046 248.

491 5071 512 5138 Θ)
531 5073 639 5136 Primus,
658 5083 781 5138 quanmm
807 5077 875 5138 scio,
904 5075 1041 5125 Kolster
1069 5078 1112 5126 De
1135 5074 1260 5142 parabasi
1289 5079 1388 5128 veteris
1416 5077 1575 5128 comoediae
1602 5079 1706 5129 Atticae
1733 5089 1809 5144 parte
1837 5082 2028 5144 antiquissima,

331 5160 445 5211 Alienae
467 5163 540 5224 1829.
579 5163 619 5212 Ne
643 5163 739 5228 longus
763 5165 821 5228 sim,
845 5174 989 5230 praetereo
1013 5175 1117 5217 ceteras
1145 5182 1248 5224 causas,
1296 5169 1470 5219 Conferantur
1489 5184 1556 5217 nunc
1584 5169 1703 5234 inprimis
1723 5169 1967 5234 Poppelreuter
1986 5173 2029 5220 De

331 5251 490 5302 comoediae
509 5253 613 5304 Atticae
633 5253 795 5318 primordiis,
815 5253 931 5304 Berolini
954 5259 1029 5315 1893,
1049 5273 1075 5321 p.
1096 5267 1129 5316 32
1149 5273 1210 5322 sqq.
1229 5269 1255 5308 et
1275 5257 1452 5308 Kaibeiius
1472 5259 1560 5310 Herm.
1581 5261 1626 5310 lX.
1650 5263 1724 5318 1889.
1744 5276 1770 5325 p.
1792 5269 1823 5319 37
1843 5277 1884 5325 sq.

491 5341 512 5404 9)
532 5343 578 5392 Sic
597 5355 669 5394 reete
688 5345 841 5396 Stabrius
860 5346 886 5393 in
905 5346 1077 5396 translatione
1097 5346 1130 5396 ad
1151 5347 1175 5395 b.
1194 5347 1211 5396 l.
1229 5347 1291 5412 Ego
1311 5351 1398 5398 erravi
1419 5351 1443 5398 ln
1463 5347 1523 5398 ed?J
1542 5365 1568 5414 p.
1589 5361 1648 5406 227.
