4850 5918
1147 283 1359 383 *ιω-

400 520 477 564 esse
500 498 711 582 interruptae
734 497 897 562 orationis
914 499 1120 581 ponendum,
1146 513 1183 563 ut
1205 519 1325 563 sensus
1350 519 1467 563 eorum
1492 499 1549 564 sit:
1577 500 1691 582 „quod
1716 499 1835 592 attinet
1859 499 1903 563 ad
1928 519 2106 583 argumen-

397 611 511 690 torum
536 622 849 707 compositionem.“
892 622 999 686 Addo
1023 623 1277 688 translationem
1302 624 1552 689 Germanicam:
1579 645 1671 702 ,was
1695 624 1779 689 aber
1803 623 1858 688 die
1881 621 2106 707 Behandlung

398 753 460 815 der
483 749 614 813 Fabeln
638 747 787 834 anlangt,
818 769 859 812 so
890 747 970 812 kam
995 770 1032 812 es
1055 748 1294 834 urspriinglich
1317 769 1386 815 von
1410 748 1560 814 Sikelien
1584 749 1655 828 her,
1689 770 1758 813 von
1789 750 1855 812 den
1889 748 2106 813 athenIschen

399 875 770 941 Komoediendichtern
801 873 885 937 aber
914 874 1048 958 begann
1073 895 1110 938 es
1133 890 1243 940 zuerst
1268 876 1394 941 Krates
1417 875 1474 939 die
1497 875 1601 940 Form
1625 876 1686 938 der
1710 872 1969 958 persoenlichen
1994 872 2107 937 Satire

399 1000 615 1084 auszugeben
639 1000 705 1063 und
732 999 787 1062 die
812 997 942 1063 Fabeln
966 1001 1034 1063 und
1058 998 1172 1064 Stoffe
1195 1002 1257 1066 der
1281 1000 1476 1066 Komoedie
1499 1001 1532 1065 in
1554 998 1737 1085 allgemein
1762 997 1964 1086 gehaltener
1988 998 2107 1063 Weise

398 1148 439 1190 zu
470 1125 698 1190 bearbeiten.“
746 1125 945 1206 Antequam
979 1139 1094 1190 autern
1126 1125 1193 1190 hoe
1225 1148 1246 1191 a
1274 1125 1413 1191 Cratete
1443 1127 1570 1190 Iactum
1599 1124 1652 1202 sit,
1686 1145 1755 1207 qua
1778 1126 1926 1203 tandem,
1962 1143 2105 1206 quaeso,

399 1251 532 1316 ratione
563 1250 598 1314 id
625 1251 737 1334 ipsum
761 1270 780 1312 e
804 1248 920 1314 Sicilia
953 1251 1045 1314 venit
1077 1251 1109 1315 in
1132 1251 1305 1316 Atticam?
1338 1251 1448 1315 Nemo
1472 1251 1586 1314 adhuc
1610 1250 1725 1333 posuit
1749 1249 1835 1313 hanc
1859 1249 2105 1331 quaestionem.

399 1375 547 1460 Duplice
580 1390 720 1454 tantum,
755 1375 783 1440 si
816 1375 899 1458 quid
932 1376 1046 1453 video,
1084 1377 1214 1441 ratione
1246 1378 1318 1441 fieri
1346 1378 1413 1440 hoc
1441 1375 1568 1460 potuit:
1608 1392 1666 1440 aut
1690 1374 1827 1458 scriptis
1851 1373 2105 1439 comoediarum

400 1501 591 1567 Sicularum
607 1499 865 1584 exemplaribus
881 1501 1036 1566 Athenas
1053 1502 1198 1567 venditis
1215 1518 1249 1566 et
1265 1503 1361 1566 sicin
1385 1502 1450 1566 hac
1474 1502 1559 1565 urbe
1581 1500 1679 1565 lectis
1703 1517 1761 1564 aut
1784 1499 1842 1578 ita,
1866 1515 1903 1564 ut
1927 1498 2107 1564 histriones

400 1626 505 1694 Siculi
539 1643 707 1712 vagantes
742 1627 842 1690 ctiam
876 1627 907 1691 in
941 1628 1041 1712 pagis
1073 1627 1199 1692 Atticis
1223 1628 1421 1692 comoedias
1445 1625 1651 1710 Epicharmi,
1687 1625 1889 1703 Phormidis,
1925 1621 2106 1688 Dinolochi

400 1754 531 1818 darent.
577 1751 638 1816 llla
661 1768 776 1817 autem
798 1753 886 1817 ratio
911 1753 971 1818 va
995 1754 1143 1837 quadrat
1166 1755 1199 1818 in
1222 1753 1280 1819 illa
1304 1767 1473 1838 tempora,
1505 1751 1668 1835 quonlam
1691 1751 1794 1814 etiam
1818 1765 1944 1834 quarto
1967 1748 2107 1814 saeculo

401 1894 592 1943 mercatura
614 1877 753 1941 libraria
781 1893 881 1942 extra
914 1878 997 1944 fines
1030 1879 1183 1943 eiusdem
1207 1895 1319 1944 terrae
1344 1894 1488 1943 extensa
1511 1894 1581 1941 tam
1605 1898 1684 1941 rara
1707 1876 1779 1955 suit,
1805 1891 1841 1939 ut
1865 1895 1941 1940 cum
1965 1874 2108 1938 Hermo·

401 2004 508 2067 dorus
538 2003 689 2068 Platonis
723 2001 831 2067 libros
866 2003 898 2066 iu
922 2002 1070 2068 Siciliam
1103 2005 1276 2081 venderet,
1312 2002 1536 2086 proverbium
1566 2000 1731 2066 existeret
1755 2001 1890 2085 λόγοισιν
1913 1997 2108 2086 Ἑρμόδωρος

403 2128 457 2192 vel
481 2129 615 2212 λόγοισιν
638 2126 831 2215 Ἑρμόδωρος
854 2127 1115 2216 sumptuum),
1141 2145 1174 2193 et
1199 2145 1236 2194 ut
1259 2128 1426 2193 creditum
1455 2127 1577 2192 saltem
1607 2126 1662 2205 sit,
1690 2126 1768 2190 licet
1800 2126 1860 2190 vix
1884 2139 1978 2189 recte
2002 2122 2108 2186 credi·

403 2271 483 2333 tum,
507 2253 701 2338 Sophronis
723 2255 843 2318 mimos
866 2254 896 2320 in
921 2255 1074 2320 notitiam
1091 2254 1357 2319 Atheniensibus
1380 2253 1515 2319 venisse
1538 2254 1719 2318 dumtaxat
1744 2271 1807 2334 per
1823 2249 2009 2328 Platonem,
2031 2269 2106 2312 cum

402 2379 455 2442 hic
481 2399 542 2442 eos
565 2399 586 2442 e
609 2376 724 2442 Sicilia
746 2399 861 2444 secum
886 2379 1183 2466 apportaverit20).
1229 2378 1454 2445 Verisimilior
1476 2378 1581 2463 igitur
1605 2391 1657 2442 est
1681 2375 1789 2441 altera
1812 2375 1910 2440 ratio.

563 2503 630 2567 Pro
651 2504 695 2582 τίς
719 2504 862 2572 ἀπέδωκε
885 2507 997 2592 πλήθη
1020 2505 1195 2592 ὑποκριτῶν
1217 2526 1324 2589 ευριπ
1347 2504 1498 2569 reddidi:
1526 2503 1622 2586 ,quis
1645 2502 1843 2580 secundum,
1868 2501 1946 2583 quis
1969 2497 2106 2564 tertium

403 2644 555 2692 actorem
578 2629 771 2707 adiecerit“,
797 2631 877 2714 quia
893 2647 952 2696 aut
973 2631 1086 2696 omnia
1109 2653 1164 2695 me
1187 2629 1306 2695 fallunt
1329 2646 1388 2695 aut
1412 2630 1456 2694 de
1480 2629 1682 2693 comoediae
1704 2627 1838 2712 origine
1861 2640 1895 2690 et
1919 2645 2108 2711 progressu

402 2753 629 2838 philosophus
661 2756 710 2820 sic
741 2756 917 2840 cogitavit,
951 2772 988 2820 ut
1020 2756 1052 2820 in
1076 2758 1221 2822 eundem
1245 2755 1385 2820 modum
1409 2770 1515 2839 atque
1537 2756 1569 2819 in
1593 2753 1776 2840 tragoedia
1799 2751 2021 2835 coryphaeus
2044 2749 2109 2815 sibi

404 2880 605 2964 adiungeret
628 2882 805 2967 ὑποκριτήν,
838 2881 906 2945 hoc
937 2896 989 2944 est
1021 2881 1192 2945 hominem
1227 2882 1501 2964 respondentem,
1535 2879 1769 2961 diverbiisque
1800 2878 1850 2942 sic
1877 2877 1963 2940 inter
1986 2876 2109 2940 ambos

404 3005 527 3070 creatis
539 3005 593 3070 hic
604 3007 864 3092 πρωταγωνιστής
876 3021 990 3070 rector
1002 3007 1107 3072 totius
1120 3005 1192 3070 ludi
1204 3007 1315 3071 Iactus
1326 3005 1392 3070 sibi
1403 3025 1522 3070 rursus
1534 3005 1737 3089 adiungeret
1753 3003 1939 3067 secundum
1956 3017 2108 3066 actorem

404 3145 438 3193 et
455 3130 602 3195 sortasse
618 3131 719 3196 etiam
736 3131 872 3196 tertium
888 3131 956 3196 iam
971 3147 1156 3216 antequam
1172 3132 1366 3215 acciperent
1383 3146 1511 3214 poetae
1534 3131 1578 3193 ab
1603 3130 1767 3194 archonte
1790 3127 1849 3193 vel
1871 3129 1902 3191 in
1919 3126 2064 3191 Lenaeis
2087 3146 2107 3189 a

405 3276 489 3340 rege
512 3256 664 3322 chorum.
711 3255 748 3322 Si
778 3273 894 3321 autem
925 3257 991 3322 hoc
1014 3279 1135 3324 verum
1159 3274 1222 3336 est,
1257 3277 1342 3322 sano
1378 3277 1442 3320 suo
1477 3255 1604 3320 iudicio
1639 3275 1721 3320 usus
1752 3255 1784 3317 in
1816 3253 1989 3340 προλόγους
2022 3270 2108 3315 voce

405 3381 513 3446 haesit
538 3381 637 3446 God.
663 3350 886 3467 Hermanihs
910 3383 1126 3467 mutavitque
1151 3405 1227 3448 eam
1255 3383 1287 3446 in
1317 3381 1438 3466 λόγους.
1492 3381 1549 3446 An
1579 3381 1726 3445 sortasse
1756 3379 1856 3444 scivit
1889 3375 2107 3452 ArIstoteles,

404 3506 481 3588 quis
504 3507 661 3571 diverbia
684 3507 913 3573 introduxerit
937 3509 969 3572 in
993 3509 1209 3576 comoediam
1225 3524 1260 3572 et
1279 3508 1328 3572 sic
1352 3508 1489 3571 demum
1506 3527 1526 3570 e
1543 3505 1694 3590 phallico
1710 3504 1857 3569 carmine
1874 3501 2108 3578 dramaticum,

404 3630 471 3696 hoc
495 3647 547 3696 est
571 3653 689 3698 veram
712 3633 927 3697 comoediam
959 3633 1093 3698 lecerit?
1148 3633 1313 3698 Attamen
1346 3632 1531 3717 prologum
1565 3651 1781 3715 nequaquam
1814 3628 2109 3694 extermInandum

404 3778 481 3822 esse
516 3777 640 3822 censeo
674 3772 818 3842 propter
841 3779 963 3823 causas
986 3758 1072 3822 infra
1096 3761 1354 3843 proponendas:
1401 3757 1533 3822 conicio
1565 3757 1670 3843 igitur
1702 3754 1818 3838 potius
1852 3752 2033 3840 πρόλογ<ον
2055 3754 2109 3816 καὶ

404 3879 530 3968 ῥήσ>εις
554 3882 611 3948 vel
634 3885 806 3970 προλόγους
834 3881 906 3969 (καὶ
930 3881 1115 3970 ῥήσεις>11λ

565 4008 613 4072 Αι
625 4008 730 4073 fuitne
741 4025 837 4074 recta
852 4009 938 4074 haec
950 4007 1149 4073 Aristotelis
1162 4007 1297 4092 opinio?
1315 4007 1520 4072 Prudentior
1533 4027 1659 4092 magno
1672 4005 1737 4072 hoc
1754 4005 1829 4070 viro
1845 4003 1910 4070 sibi
1927 4001 2110 4067 videbatur

404 4133 433 4197 is
457 4154 542 4212 esse,
568 4133 625 4218 qui
649 4133 715 4198 sibi
738 4135 951 4220 excogitavit
976 4155 1066 4218 quae
1094 4133 1241 4219 legimus
1273 4135 1368 4217 apud
1403 4133 1516 4198 Anon.
1550 4133 1595 4196 de
1625 4151 1714 4196 com.
1738 4131 1780 4196 V.
1805 4136 1823 4208 ἐ
1848 4151 1865 4194 2
1891 4149 1968 4212 sqq.
1992 4127 2110 4212 Bergk

404 4257 454 4344 (p.
478 4259 555 4339 VII,
582 4277 623 4342 14
645 4280 722 4342 sqq.
747 4258 899 4343 Duebn.)
923 4275 957 4324 et
981 4260 1067 4325 VIII.
1093 4265 1111 4334 ᾗ
1139 4260 1178 4321 16
1202 4257 1317 4344 Bergk
1345 4258 1439 4342 (IX⁸.
1474 4279 1508 4342 p.
1533 4257 1656 4335 XVIII,
1690 4257 1734 4320 80
1756 4276 1834 4339 sqq.
1858 4251 2021 4336 Duebn.):
2056 4255 2109 4317 καὶ

404 4388 464 4470 γάρ
488 4385 515 4449 οἱ
538 4383 571 4450 ἐν
594 4383 722 4472 Ἀττικῇ
744 4394 867 4472 πρῶτον
890 4386 1115 4471 συστησάμενοι
1138 4388 1175 4450 τό
1198 4385 1386 4471 ἐπιτήδευμα
1408 4395 1463 4469 τῆς
1486 4383 1651 4469 κωμῳδίας
1675 4379 1768 4469 (ἦσαν
1792 4383 1825 4446 δὲ
1848 4381 1877 4445 οἱ
1899 4381 1968 4465 περὶ
1991 4379 2110 4444 Σουσα-

405 4507 514 4595 ρίωνα)
536 4514 589 4576 καὶ
614 4509 695 4593 (om.
721 4511 788 4576 An.
813 4509 903 4595 VIII)
926 4516 966 4576 τὰ
988 4513 1141 4596 πρόσωπα
1165 4512 1288 4596 εἰσῆγον
1311 4509 1452 4587 ἀτάκτως
1477 4505 1632 4593 (ἀτάκτως
1661 4509 1785 4592 εἰσῆγον
1809 4503 1910 4588 Vnt),
1938 4508 1991 4570 καὶ
2019 4503 2110 4590 μόνος

404 4633 442 4720 ἡν
464 4636 565 4720 γέλως
588 4634 700 4722 (γέλως
722 4635 760 4722 ἡν
784 4642 884 4727 μόνως
909 4634 1000 4720 VIII)
1024 4639 1059 4701 τό
1083 4634 1415 4720 κατασκευαζόμενον.
1440 4634 1656 4720 ἐπιγενόμενος
1679 4634 1712 4697 δὲ
1735 4633 1752 4695 ό
1776 4628 1806 4715 (ό
1830 4649 1887 4694 om
1911 4627 2001 4712 Vlll)
2025 4628 2110 4713 Κρα-

566 4866 597 4934 ¹⁹)
616 4868 655 4919 CI.
668 4868 805 4950 Boeckh·
819 4869 1008 4948 ggaatshaush.
1028 4865 1063 4918 1³.
1082 4883 1110 4932 p.
1123 4869 1165 4918 62.
1189 4866 1229 4916 CI.
1242 4875 1328 4916 tamen
1341 4879 1411 4930 quae
1425 4866 1450 4914 ei
1462 4864 1591 4930 opposult
1605 4861 1825 4912 Fraenlrelius
1843 4860 1908 4912 ibld.
1928 4860 1960 4909 II.
1978 4875 2005 4924 p.
2023 4869 2055 4918 13
2068 4875 2110 4924 sq.

563 4955 693 5022 ⁹⁰)Laerr.
710 4959 786 5060 1210g
814 4976 868 5056 111,
897 4963 940 5013 18:
969 4960 1062 5010 δοκεῖ
1084 4958 1114 5008 ul
1142 4957 1253 5008 Πλάτων
1279 4959 1326 5007 καὶ
1354 4955 1387 5006 τὰ
1414 4955 1554 5020 Σώφρονος
1582 4955 1628 5004 τοῦ
1655 4953 1821 5018 μιμογράφου
1850 4951 1934 5014 βιβλία
1959 4949 2112 5016 ἠμελημένα

403 5047 503 5111 πρῶτος
522 5047 557 5106 εἰς
576 5044 680 5110 Ἀθήνας
694 5047 756 5134 διαἱι
785 5037 790 5058 ”
820 5091 867 5146 ffi‘·

558 5122 738 5224 'demit-²113,
757 5105 820 5186 lma
883 5139 989 5200 XXVI.
1010 5139 1060 5197 316
1079 5138 1113 5188 D.
1132 5139 1178 5187 nul
1196 5136 1226 5185 οδ
1250 5137 1412 5202 προσόχομεν
1431 5131 1616 5198 Ἀριστοτέλει,
1638 5131 1678 5180 ότι
1697 5166 1704 5179 .
1724 5166 1731 5180 .
1751 5166 1758 5180 .
1777 5131 1870 5194 Θέσπις
1890 5165 1896 5181 .
1917 5165 1950 5184 ..
1979 5127 2113 5194 πρόλογόν

401 5239 430 5273 τε
447 5225 491 5273 καὶ
507 5220 709 5302 Inutilenlptm,V
736 5195 758 5306 Il.
783 5193 852 5278 ffs'

729 5319 803 5400 Μ’

731 5395 735 5428 l
