4850 5918
1172 468 1227 543 Vl

318 675 517 740 hesitation“.
562 678 720 742 Nimirum
739 680 869 742 retinuit
886 680 1095 742 nihilominus
1120 678 1239 742 nullam
1263 680 1357 742 oliam
1381 679 1420 743 ob
1444 700 1584 764 eausam,
1601 683 1664 745 uisi
1687 685 1763 767 quia
1779 683 1876 746 verba
1895 689 1966 767 post
1981 677 2083 746 δοῦναι

318 797 429 880 posita,
453 803 487 861 ut
509 798 725 881 flagitantibus
747 801 906 863 sententia
929 803 960 862 ot
983 803 1141 862 structura
1161 801 1263 881 posita
1285 804 1361 862 suut
1382 801 1414 862 in
1440 800 1499 882 11¹,
1522 804 1690 886 requirunt
1712 802 1847 866 Coreis
1869 806 2082 867 coniecturam

318 922 346 978 οῖ
366 913 401 978 οἶν
424 938 478 1001 pro
499 915 582 980 ὅταν.
621 917 734 1001 Neque
756 919 847 982 aliter
869 939 904 982 se
927 939 977 982 res
1001 919 1095 982 habet
1113 919 1257 981 1265232
1280 937 1348 1002 sqq.
1393 918 1511 983 Nullus
1534 923 1621 986 enim
1636 921 1757 1003 dubito,
1773 923 1852 1006 quin
1876 923 1922 984 11¹
1944 924 2083 987 familiae

318 1039 489 1121 scripturas
514 1043 560 1117 τῷ
583 1037 636 1123 μὲν
658 1033 695 1100 τὸ
719 1044 750 1102 et
771 1044 817 1118 τῷ
839 1031 874 1100 δὲ
901 1033 938 1101 τὸ
972 1038 1137 1121 probasset
1165 1040 1213 1101 vir
1245 1039 1458 1114 doctissimae,
1493 1040 1521 1101 si
1555 1043 1639 1106 stare
1671 1045 1800 1126 possent
1834 1044 1905 1105 sine
1939 1043 2083 1108 eiusdem

318 1157 450 1220 Corais
473 1159 697 1221 emendatione
719 1157 822 1244 ἑτέρῳ.
867 1159 918 1222 Sin
947 1162 1051 1221 autem
1085 1159 1178 1220 vertit
1207 1177 1289 1240 quae
1316 1159 1348 1220 iu
1379 1158 1427 1218 11²
1453 1159 1602 1242 lngimuS,
1631 1161 1758 1240 βελτίων
1779 1157 1844 1245 ὅρος
1865 1155 1902 1223 τὸ
1926 1152 2085 1248 σωφρόνως

318 1279 368 1338 καὶ
390 1277 579 1363 ἐλευθερίως·
595 1279 685 1364 χωρὶς
706 1273 762 1362 peip
786 1278 926 1364 ἕκκτερον
948 1273 984 1340 τὸ
1007 1276 1061 1360 μὲν
1083 1281 1129 1357 τῷ
1151 1281 1264 1363 τρυφᾶν
1286 1267 1500 1354 ἀκολουθήσει,
1523 1273 1559 1338 τὸ
1583 1269 1619 1338 ἀὲ
1640 1283 1685 1360 τῷ
1708 1269 1866 1352 eramiae:
1902 1281 1967 1361 „for
1989 1281 2017 1343 if
2038 1301 2084 1345 ive

319 1402 387 1480 part
407 1398 459 1460 tlro
480 1417 541 1460 ono
564 1398 643 1462 lrom
665 1399 718 1461 tiro
742 1399 840 1480 other,
863 1397 974 1460 liberal
993 1398 1096 1482 living
1119 1397 1183 1460 will
1205 1416 1422 1481 aooompagrry
1447 1398 1617 1461 luxurieris
1641 1398 1694 1462 life
1718 1399 1780 1464 and
1796 1403 1967 1484 temperate
1983 1401 2086 1485 living

318 1539 336 1580 a
360 1517 411 1580 lito
435 1517 469 1580 of
489 1519 657 1600 lrardslrip“
682 1519 847 1601 additque:
871 1517 937 1598 „for
959 1514 1140 1579 ἀκολουθεῖν
1162 1537 1197 1580 as
1220 1517 1294 1579 here
1317 1516 1406 1598 used,
1429 1515 1542 1580 Bonitz
1565 1516 1633 1580 Iud.
1651 1519 1755 1582 etl-44
1777 1539 1940 1603 compares
1963 1519 2021 1602 ΙΙΙ,
2036 1520 2083 1585 13.

322 1637 463 1703 1283·39
485 1638 547 1702 aud
571 1636 639 1700 llth.
663 1639 742 1701 llud.
765 1637 823 1720 ΙΙΙ,
839 1638 866 1700 5.
893 1639 1064 1700 12322312‘.
1110 1640 1153 1700 At
1174 1638 1233 1701 hoo
1250 1657 1313 1700 non
1330 1655 1442 1700 vorum
1458 1641 1514 1699 est.
1560 1635 1661 1700 Immo
1679 1637 1891 1704 Bonitaius
1913 1644 2083 1724 postquam

319 1759 458 1842 scripsit:
493 1761 606 1842 „semri
630 1759 756 1822 videtur
784 1777 914 1822 oausam
945 1759 1088 1836 effeetus,
1116 1759 1349 1841 propositiones
1372 1757 1548 1838 conclusio,
1579 1757 1778 1824 conditiones
1812 1760 1844 1822 id
1876 1760 1960 1842 quod
1983 1779 2025 1823 ex
2046 1762 2086 1824 iis

319 1897 512 1960 suspensum
538 1883 596 1960 ost,
619 1879 830 1942 substantiam
853 1879 1016 1958 aecidens3
1045 1879 1084 1941 do
1108 1878 1156 1940 ms
1179 1875 1356 1940 rationibus
1384 1873 1565 1937 ἀκολουθεῖν
1594 1879 1797 1959 nsrrrpatrrd‘,
1829 1879 1911 1941 inter
1937 1879 2088 1960 exempla

320 1995 437 2058 liuius
468 1997 628 2079 generis*
651 1997 740 2060 alfort
765 1998 860 2059 oliam
896 1996 1109 2078 1283·39sq.
1135 1984 1330 2072 δικαιοσύνην,
1353 1985 1372 2063 ἶ,
1395 1985 1494 2068 antam
1516 1992 1678 2080 ἀναγκαῖον
1699 1993 1879 2058 ἀκολουθεῖν
1908 1992 1964 2070 τάς
1991 1992 2087 2072 ἄλλοις

318 2105 453 2199 (ἀρετάς)
475 2120 506 2178 ol
528 2115 597 2178 Em.
623 2117 703 2180 Eud.
725 2116 878 2179 1232231.
904 2113 957 2178 ὅτε
980 2116 1031 2176 καὶ
1058 2105 1166 2186 aiam
1195 2122 1261 2186 ταῖς
1283 2110 1401 2198 ἀρεταῖς
1428 2109 1608 2174 ἀκολουθεῖν
1635 2113 1773 2197 φαίνεται
1799 2109 1830 2196 (τ’.
1853 2113 2086 2200 μεγαλοψυχία),

321 2235 505 2318 adicitiquo:
529 2235 592 2316 „ot
614 2237 645 2297 ll
670 2238 698 2316 β,
721 2238 749 2297 o.
776 2237 945 2298 1265234“.
994 2234 1078 2318 lli-go
1109 2233 1214 2297 dedita
1246 2253 1341 2316 opera
1374 2251 1503 2316 prorsus
1532 2235 1614 2295 tacet
1645 2232 1684 2296 de
1718 2234 1815 2298 huius
1846 2234 1907 2296 loci
1940 2236 2085 2300 lectione.

322 2354 406 2432 Quin
431 2375 511 2436 eam,
534 2376 629 2439 qnam
647 2355 788 2418 defendit
809 2355 838 2418 Ν
844 2375 987 2418 owmau
997 2374 1055 2436 ue,
1079 2353 1161 2416 haud
1184 2353 1338 2436 quadrare
1360 2353 1398 2416 ad
1431 2352 1507 2416 liaeo
1535 2350 1690 2414 Booitzi
1715 2352 1810 2418 verba
1837 2357 1932 2436 patet,
1955 2359 1985 2416 et
2006 2355 2088 2417 diffi-

322 2476 475 2538 cillimum
498 2477 634 2558 prolecto
657 2480 706 2538 ost
727 2475 901 2556 intellecto,
924 2474 1083 2558 quemodo
1105 2472 1232 2536 duobus
1253 2473 1302 2535 his
1326 2473 1403 2535 lonis
1429 2473 1468 2536 ad
1492 2491 1561 2535 eom
1586 2471 1819 2536 defendendam
1840 2471 1929 2536 abuti
1951 2475 2089 2557 potuerit

322 2595 371 2656 rir
393 2596 630 2677 sagacissimus
653 2597 837 2678 praesertim
861 2615 934 2658 oum
959 2596 990 2657 in
1007 2594 1105 2658 altero
1121 2613 1232 2657 eorum
1256 2596 1326 2676 pest
1340 2612 1458 2675 paucos
1483 2611 1595 2656 vorsus
1612 2596 1774 2674 praeterea
1797 2591 1977 2654 ἀκολουθεῖν
1991 2594 2088 2657 verbo

322 2731 503 2792 synonymo
526 2712 654 2776 ἕπεσθαι
676 2714 855 2797 explicetur
879 2715 1018 2778 lese-37
1043 2734 1090 2797 sq.
1114 2711 1195 2776 ὥστε
1218 2712 1346 2774 ἕπεσθαι
1369 2708 1445 2790 αὐτῇ
1467 2701 1565 2783 aiau
1586 2704 1642 2783 τάς
1664 2701 1780 2796 ἀρετάς,
1802 2707 1821 2780 ἢ
1845 2707 1939 2779 αὐτὴν
1961 2710 2090 2774 ἕπεσθαι

321 2822 438 2905 πάοοιις.
479 2830 603 2897 ltorora
625 2836 695 2897 sine
718 2833 815 2897 dubie
846 2837 998 2896 secuntur
1027 2833 1181 2895 iustitiam
1210 2835 1333 2895 ceterae
1363 2832 1505 2910 virtutes,
1532 2832 1678 2913 sequitur
1697 2834 1752 2893 arrt
1779 2834 1900 2894 ceteras
1927 2831 2089 2914 magitude

321 2953 420 3014 animi
443 2958 497 3014 aut
520 2953 600 3016 haue
623 2953 707 3034 illoo,
736 2955 811 3017 item
835 2954 980 3036 sequitur
1004 2953 1135 3014 nimiam
1157 2951 1385 3033 parsimoniam
1402 2950 1540 3012 tenuitas
1562 2949 1675 3031 vietus,
1714 2950 1846 3014 nimiam
1870 2948 2089 3014 liberalitatem

321 3071 460 3151 luxuria,
483 3071 538 3134 sod
560 3070 619 3134 hac
638 3074 672 3134 in
696 3091 728 3136 ro
751 3074 883 3136 minimo
906 3089 998 3134 versa
1021 3072 1091 3133 vice
1114 3071 1210 3133 etiam
1236 3071 1364 3133 luxuria
1382 3069 1529 3132 homines
1553 3067 1699 3150 impellit,
1715 3071 1750 3130 ut
1770 3067 1928 3150 liberales
1949 3072 2089 3132 tenuitas

322 3193 435 3271 rietus,
451 3196 486 3254 ut
507 3193 593 3274 parci
616 3192 701 3254 liant.
746 3190 895 3274 Denique
919 3191 989 3272 ipso
1005 3191 1101 3252 sentit
1117 3189 1349 3271 quodammodo
1370 3187 1398 3251 N
1405 3206 1607 3250 eumenus
1627 3184 1724 3249 1272b
1736 3187 1776 3250 38
1799 3205 1844 3271 sq.
1868 3182 1941 3261 τοὺς
1961 3189 2091 3268 βασιλεῖς

322 3300 399 3392 μήτε
421 3309 487 3371 κατ’
513 3305 588 3373 αὐτὸ
616 3309 688 3372 εἶναι
708 3311 792 3395 γένος
814 3310 889 3392 (112)
911 3311 968 3372 vix
989 3328 1060 3373 esse
1084 3327 1172 3390 sane,
1206 3310 1252 3372 sie
1281 3311 1367 3372 onim
1400 3308 1569 3371 dicendum
1593 3307 1707 3371 fuisset
1729 3307 1764 3368 ἐκ
1785 3311 1840 3370 τοῦ
1863 3305 1957 3369 αὐτοῦ
1978 3307 2089 3392 γένους,

321 3435 458 3493 attamen
487 3435 520 3492 ut
550 3433 703 3514 reciperet
724 3427 793 3492 καθ’
822 3423 896 3491 αὐτὸ
920 3426 992 3490 εἶναι
1012 3428 1106 3513 γένος,
1131 3447 1193 3492 non
1218 3429 1359 3512 potuita
1384 3446 1419 3492 so
1448 3430 1625 3511 impetrare,
1648 3429 1724 3511 quia
1747 3429 1821 3492 sciri
1843 3433 1991 3511 nequeat,
2011 3448 2084 3491 cum

321 3568 398 3632 „per
412 3553 465 3613 se“
483 3547 629 3633 praebeat
644 3550 835 3630 Guilelmus,
855 3567 939 3612 anne
961 3548 1091 3612 forsitan
1113 3549 1171 3611 hoc
1188 3568 1251 3612 uon
1274 3545 1340 3608 κατ’
1361 3540 1436 3608 αὐτὸ
1459 3549 1509 3629 sit,
1532 3549 1624 3612 lectio
1640 3547 1783 3611 codicum
1802 3547 1845 3612 M*
1860 3551 1891 3611 et
1905 3546 1944 3609 P¹
1961 3549 2086 3630 (quam-

319 3688 415 3752 quam
440 3647 619 3732 Guilelmus
642 3689 697 3752 pro
720 3661 811 3742 αὐτός
833 3688 961 3751 semper
983 3668 1085 3732 reddit
1113 3669 1234 3751 „ipse“,
1256 3688 1313 3750 pro
1337 3657 1412 3730 αὐτό
1436 3669 1608 3751 „ipsum“),
1639 3672 1670 3730 et
1693 3667 1751 3730 heo
1773 3663 1838 3728 κατ’
1867 3661 1943 3728 αὐτὸ
1965 3685 1983 3730 e
2005 3660 2087 3727 κατὰ

318 3783 355 3850 τὸ
386 3783 459 3850 αὐτὸ
490 3791 531 3852 sit
558 3795 751 3872 corruptum,
779 3794 810 3852 et
839 3791 914 3872 quia
943 3788 1052 3852 nullus
1081 3788 1183 3852 codex
1212 3789 1320 3852 offerat
1349 3785 1419 3851 καθ’
1448 3781 1533 3849 κάπὸ.
1578 3787 1640 3851 Sed
1670 3787 1729 3850 lroo
1754 3788 1871 3850 iterum
1905 3804 1945 3848 ne
1972 3804 2085 3849 verum

322 3908 451 3990 quidem
474 3913 535 3971 est:
563 3929 636 3972 nam
658 3933 702 3996 γρ.
727 3907 797 3972 καθ’
818 3903 892 3972 αὑτὸ
916 3910 1030 3984 legitur
1052 3910 1086 3972 in
1109 3909 1250 3992 margine
1272 3906 1309 3970 ΡΙ
1331 3907 1412 3971 libri.
1458 3907 1663 3972 Manifestum
1686 3907 1782 3990 igitur
1806 3909 1855 3970 est
1876 3925 1894 3969 e
1916 3903 1986 3968 καθ’
2009 3899 2083 3967 αὑτὸ

322 4030 426 4111 potius
449 4023 514 4089 κατ’
536 4022 611 4090 αὐτὸ
632 4047 704 4094 esse
719 4035 796 4112 orte,
818 4036 849 4093 et
870 4031 947 4094 haee
970 4029 1195 4094 Ballhernieoa
1216 4028 1271 4092 illa
1293 4028 1425 4109 ratione,
1448 4046 1544 4110 qaam
1572 4028 1784 4110 cognovimus
1814 4026 1878 4090 iam
1905 4028 1938 4089 in
1967 4023 2012 4086 [Ρ
2037 4043 2086 4088 re·

321 4150 483 4211 censionis
504 4149 676 4231 conditore,
704 4149 742 4213 ab
768 4151 828 4214 hoe
850 4153 884 4214 in
906 4143 987 4212 κοιτά
1008 4144 1045 4212 τὸ
1069 4143 1144 4212 αὐτὸ
1167 4152 1287 4212 mutata
1310 4165 1390 4212 esse.

489 4268 635 4333 Ceterum
660 4267 767 4334 Indice
783 4271 984 4335 Aristotelico
1006 4269 1126 4333 abusus
1148 4274 1197 4332 est
1210 4267 1240 4332 N
1248 4285 1439 4332 emmanus
1462 4267 1556 4329 etiem
1576 4265 1672 4328 ledet
1685 4265 1733 4345 12,
1756 4264 1811 4328 arbi
1827 4265 1886 4328 hoe
1906 4265 2084 4328 adnotavit:

321 4381 357 4464 „d
380 4386 435 4472 μὲν
456 4388 514 4469 11¹,
537 4389 626 4454 other
646 4393 858 4474 manuscripts
886 4389 939 4475 μὲν
959 4383 987 4471 ὁ,
1014 4409 1101 4452 more
1128 4387 1242 4471 logical
1269 4386 1370 4467 order,
1396 4384 1452 4447 but
1480 4384 1528 4447 fer
1554 4384 1607 4446 the
1636 4382 1867 4466 displaoemeut
1894 4382 1928 4446 ol
1946 4379 2007 4466 μέν,
2030 4399 2085 4445 see

321 4504 400 4568 Bon.
425 4505 494 4570 lud.
517 4507 642 4570 454·2o
664 4509 754 4591 sqq.“
798 4505 925 4590 Reapse
946 4507 1010 4570 iam
1033 4505 1246 4570 Bonitzius
1275 4524 1338 4570 non
1372 4508 1438 4570 erat
1470 4502 1641 4567 admodum
1674 4503 1752 4566 felix
1785 4503 1818 4564 in
1851 4501 1997 4586 eligendo
2021 4521 2085 4564 uno

321 4644 370 4706 eo,
393 4627 477 4710 quod
500 4623 792 4710 attulit,‘exemplo
822 4626 979 4690 12e2t13.
1033 4625 1161 4690 Etenim
1194 4627 1248 4690 ille
1270 4626 1340 4690 loco
1372 4625 1558 4710 simpliciter
1588 4623 1725 4687 seribere
1755 4619 1835 4684 ὥστε
1857 4616 1913 4682 τάν
1933 4621 2086 4683 πολιτείαν

321 4738 403 4804 κοιτά
424 4744 478 4830 μὲν
499 4743 569 4820 τοὺς
590 4738 697 4832 νόμους
719 4740 760 4831 μὴ
782 4738 948 4830 deperanda
966 4741 1046 4823 εἶναι,
1069 4738 1122 4807 διὰ
1135 4737 1171 4807 δὲ
1191 4742 1228 4808 τὸ
1250 4739 1328 4819 ἦθος
1351 4747 1401 4806 καὶ
1422 4739 1477 4814 τὴν
1499 4735 1655 4830 διαγωγήν
1681 4743 1783 4807 noluit
1798 4741 1996 4822 Aristoteles
2011 4742 2087 4824 quia

322 4862 372 4927 his
388 4865 494 4930 verbis
510 4886 572 4929 non
590 4869 666 4930 sotis
684 4871 828 4930 accurate
844 4884 996 4949 expressa
1012 4867 1123 4931 luisset
1137 4867 1183 4929 rei
1200 4872 1325 4932 natura:
1342 4866 1428 4951 quod
1444 4867 1470 4928 si
1488 4865 1568 4928 hane
1584 4862 1622 4927 ob
1638 4881 1767 4926 eausam
1779 4862 1920 4945 pleniore
1936 4861 2086 4944 loquendi

320 5005 437 5070 genere
461 5005 541 5049 usus
564 4987 690 5068 scripsit
711 4983 792 5046 ὥστε
813 4979 869 5054 τὴν
890 4983 944 5069 μὲν
964 4985 1118 5048 πολιτείαν
1138 4982 1194 5056 τὴν
1225 4981 1306 5048 κατὰ
1327 4979 1397 5060 τοὺς
1424 4976 1531 5069 νόμους
1554 4978 1597 5068 μὴ
1623 4975 1791 5068 δημοτικὴν
1812 4978 1891 5058 εἶναι,
1921 4971 2027 5042 διὰδὲ
2048 4973 2085 5042 τὸ

321 5099 399 5188 ἱζθος
421 5107 472 5167 καὶ
492 5099 547 5171 τάν
569 5097 724 5190 διαγωγὴν
745 5095 960 5167 πολιτεύεσθαι
982 5096 1165 5189 δημοτικῶς,
1195 5106 1303 5169 neseio
1329 5104 1477 5187 profecto,
1505 5123 1569 5186 quo
1597 5102 1658 5166 alio
1686 5101 1755 5164 leco
1782 5101 1924 5163 inserere
1950 5101 2087 5183 potuerit

321 5225 517 5308 particulam.
565 5223 680 5288 Contra
701 5217 717 5286 ὁ
741 5223 794 5308 μὲν
815 5244 871 5308 pro
893 5220 946 5310 μὲν
967 5217 983 5286 ὁ
1004 5225 1074 5288 sine
1097 5224 1162 5289 ulla
1180 5243 1277 5288 carisa
1296 5223 1433 5288 seribere
1450 5224 1529 5286 mihi
1551 5223 1681 5305 quidem
1703 5239 1767 5285 nou
1790 5221 1944 5304 sapientis
1960 5221 2085 5285 videtur

321 5348 460 5411 hominis
484 5365 555 5411 esse
577 5345 633 5410 sed
655 5345 845 5410 stultissimi.
