4850 5918
1211 434 1292 500 XIII

403 651 494 715 viam
518 648 662 734 digitum
687 647 901 714 intendisse“.
948 649 997 712 At
1020 669 1104 712 sane
1127 668 1194 712 non
1218 648 1399 733 intellego,
1423 670 1483 713 cur
1510 669 1686 724 „scaenam
1709 646 1915 712 iocularem“
1942 647 2103 730 parabasi

403 777 573 841 adiectam
596 795 673 840 esse
695 794 836 840 necesse
858 773 902 840 sit
926 795 946 838 e
968 773 1163 858 typicarum
1191 793 1413 857 personarum
1445 772 1645 838 comoediae
1675 771 1814 838 Siculae
1842 771 2038 858 cognitione
2070 787 2103 836 et

404 900 541 966 reiciam
564 896 763 964 Aristotelis
786 897 996 976 relationem,
1020 899 1206 964 secundum
1230 919 1333 982 quam
1358 898 1593 964 tantummodo
1617 897 1661 962 ad
1685 895 1777 962 illam
1807 897 1917 982 magis
1945 895 2105 961 excolen-

404 1026 482 1089 dam
498 1024 598 1089 huius
614 1022 815 1090 comoediae
827 1023 946 1088 notitia
960 1023 992 1086 in
1009 1023 1161 1088 Atticam
1177 1022 1341 1090 translata
1355 1022 1484 1106 aliquid
1495 1021 1703 1100 conferebat,
1717 1037 1903 1106 postquam
1919 1020 2105 1086 vernacula

404 1171 450 1214 ex
463 1147 648 1213 vernaculo
664 1147 833 1213 elemento
845 1148 1158 1235 αὐτοσχεδιασμάτοιν
1170 1147 1250 1212 oriri
1266 1148 1391 1231 coepit.
1416 1146 1598 1230 Discrepat
1615 1144 1717 1212 etiam
1730 1161 1885 1224 metrum,
1903 1165 1980 1210 nam
1997 1142 2105 1208 multo

403 1273 541 1358 saepius
566 1289 765 1339 tetrametro
789 1272 965 1337 trochaico
989 1293 1092 1354 quam
1107 1273 1269 1366 'trimetro
1293 1272 1439 1336 iambico
1468 1291 1550 1336 usus
1580 1288 1633 1336 est
1662 1271 1899 1354 Epicharmus.
1946 1269 2105 1335 Omnium

403 1413 518 1464 autem
541 1398 675 1464 minime
691 1419 869 1483 assequor,
894 1397 977 1482 quid
992 1397 1057 1462 sibi
1081 1396 1186 1462 velint
1209 1398 1318 1462 verba
1341 1418 1362 1461 a
1385 1395 1711 1482 Poppelreutero
1734 1395 1870 1462 adiecta
1893 1395 1992 1459 haec:
2020 1415 2105 1472 „non

404 1545 489 1588 vero
513 1524 557 1588 de
583 1525 711 1590 Dorica
734 1525 913 1590 comoedia
938 1523 1114 1608 episodice
1137 1525 1291 1608 perfecta
1315 1537 1350 1587 et
1371 1523 1404 1586 in
1428 1522 1581 1586 Atticam
1604 1520 1767 1586 translata
1799 1520 1898 1586 nobis
1929 1534 1982 1585 est
2012 1519 2106 1605 cogi·

404 1649 555 1728 tandum,
579 1649 696 1714 sedin
720 1648 829 1716 altera
852 1665 951 1734 parte
975 1649 1229 1714 comoediarum
1254 1649 1467 1732 quarundam
1498 1645 1743 1730 Aristophanis
1775 1645 1917 1710 chorum
1941 1644 2105 1722 Atticum,

405 1792 507 1854 quem
530 1772 597 1836 iam
626 1770 734 1836 multo
747 1771 788 1858 (i)
812 1786 890 1837 ante
912 1793 1034 1836 annum
1059 1793 1125 1858 500
1147 1771 1288 1857 picturis
1312 1771 1457 1836 testibus
1485 1771 1675 1854 perfectum
1706 1769 1862 1849 vidimus,
1894 1789 1972 1834 cum
2004 1789 2106 1834 scena

404 1896 546 1963 ioculari
563 1898 690 1988 Dorica
714 1898 930 1963 coniunctum
952 1897 1172 1962 invenimus“.
1219 1897 1305 1961 Nam
1330 1911 1405 1960 utut
1427 1896 1527 1960 nobis
1549 1895 1730 1960 statuimus
1754 1894 2011 1961 comoediarum
2026 1893 2106 1977 Epi·

404 2021 638 2087 charmearum
655 2038 820 2102 naturam,
844 2043 964 2086 manca
980 2022 1071 2086 haud
1088 2021 1193 2086 dubie
1217 2021 1249 2086 in
1274 2021 1322 2088 eis
1345 2035 1420 2086 erat
1443 2019 1650 2086 continuatio
1673 2040 1797 2098 rerum,
1813 2020 1876 2084 sed
1893 2017 1995 2102 plena
2011 2033 2105 2083 erant

405 2148 570 2226 dramata,
593 2147 710 2230 itaque
726 2148 938 2230 compositae
955 2169 1001 2212 ex
1018 2146 1191 2230 episodiis,
1217 2162 1252 2211 et
1275 2145 1513 2211 vetustissimis
1536 2143 1750 2242 temporibus
1765 2145 1798 2208 in
1815 2142 1968 2208 Atticam
1984 2164 2107 2208 revera

404 2287 481 2338 sunt
505 2271 690 2337 translatae
706 2273 842 2356 iamque
858 2287 936 2337 ante
953 2271 1128 2336 Platonem
1144 2293 1165 2336 a
1180 2271 1367 2337 lectoribus
1383 2271 1650 2336 Atheniensibus
1673 2286 1742 2335 tam
1764 2269 1879 2354 magni
1896 2269 2106 2348 aestimatae,

406 2412 442 2461 ut
466 2395 566 2462 Plato
589 2397 740 2461 scribere
762 2411 883 2480 posset
899 2397 930 2461 in
946 2396 1092 2461 Theaet.
1109 2417 1143 2481 p.
1166 2416 1224 2480 152
1242 2396 1287 2461 E:
1302 2407 1366 2462 τῶν
1388 2407 1524 2481 ποιητῶν
1546 2397 1576 2461 οἱ
1599 2399 1689 2481 ἄκροι
1710 2405 1764 2482 τῆς
1780 2395 1933 2480 ποιήσεως
1949 2393 2107 2480 ἑκατέρας,

404 2524 569 2609 κωμῳδίας
592 2525 646 2607 μὲν
671 2520 869 2609 Ἐπίχαρμος,
892 2523 1065 2610 τραγῳδίας
1088 2523 1122 2588 δὲ
1144 2519 1292 2609 Ὅμηρος.

835 2772 870 2835 Α
893 2771 1039 2836 Poeticis
1062 2787 1200 2836 transeo
1223 2771 1268 2835 ad
1292 2770 1412 2836 Ethica
1434 2769 1674 2836 Nicomachea.

563 2913 695 2977 Locum
718 2914 771 2991 III,
799 2937 828 2978 1.
855 2923 958 2978 rrroa
984 2934 1121 2998 11-15.
1155 2915 1259 3000 μικταὶ
1292 2916 1348 3000 μὲν
1377 2911 1431 2980 οὖν
1455 2915 1529 2980 εἰσιν
1553 2916 1746 2981 αἱτοιαῦται
1769 2915 1902 3001 πράξεις,
1932 2913 2052 2980 ἐοίκασι
2074 2917 2109 2980 δὲ

405 3041 523 3124 μᾶλλον
546 3041 696 3118 ἑκουσίοις
709 3089 717 3104 .
730 3042 848 3125 αἱρεταί
881 3042 942 3126 γάρ
972 3043 1046 3107 εἰσιν
1077 3039 1147 3106 τότε
1176 3042 1228 3105 bre
1258 3039 1462 3125 πράττονται·
1476 3039 1512 3104 τὸ
1535 3041 1570 3104 δὲ
1592 3039 1681 3118 τέλος
1710 3049 1765 3124 τῆς
1787 3037 1928 3124 πράξεως
1950 3043 2033 3104 κατὰ
2055 3042 2108 3104 τὸν

404 3166 511 3250 καιρόν
533 3165 598 3230 ἐστι
611 3182 619 3198 ·
632 3167 685 3229 καί
714 3169 750 3230 τὸ
785 3164 925 3231 ἑκούσιον
960 3169 997 3250 δὴ
1031 3169 1084 3231 καί
1118 3169 1154 3230 τὸ
1178 3166 1334 3244 ἀκούσιον,
1369 3167 1421 3229 ὅτε
1449 3165 1626 3249 πράττεται,
1662 3164 1948 3248 pertemptent
1970 3167 2004 3230 δὲ
2027 3163 2109 3229 ἑκών

405 3304 496 3352 recte
520 3303 700 3372 praeterea
722 3289 771 3354 sic
793 3291 896 3355 vertit
919 3290 1136 3355 Rieckher:
1176 3288 1310 3366 „Derlei
1339 3287 1565 3376 Handlungen
1599 3309 1663 3352 nun
1695 3287 1769 3354 sind
1800 3288 2007 3380 gemischter
2029 3288 2107 3368 Art,

404 3413 518 3478 indess
542 3413 662 3498 neigen
686 3414 736 3480 sie
759 3415 831 3479 sich
855 3415 950 3478 mehr
974 3417 1036 3479 aus
1055 3415 1111 3478 die
1130 3413 1225 3479 Seite
1249 3414 1311 3478 des
1327 3412 1567 3498 Freiwilligen.
1603 3414 1700 3477 Denn
1724 3415 1756 3476 in
1780 3413 1858 3476 dem
1875 3411 2108 3498 Augenblick,

405 3538 436 3608 in
472 3537 638 3602 welchem
674 3560 749 3602 man
784 3539 834 3602 sie
869 3537 1039 3617 vollzieht,
1074 3539 1149 3604 sind
1183 3538 1232 3602 sie
1267 3539 1579 3603 wfinschenswerth
1610 3539 1666 3603 srir
1694 3538 1750 3602 die
1773 3537 1986 3624 Erreichung
2017 3537 2108 3602 eines

405 3663 556 3742 Zwecks,
592 3663 708 3728 diesen
734 3663 859 3728 Zweek
891 3663 976 3728 aber
1007 3664 1206 3728 bestimmen
1239 3664 1296 3727 die
1318 3663 1518 3742 Umstande,
1554 3663 1622 3727 und
1655 3683 1697 3728 so
1724 3683 1818 3728 muss
1841 3683 1918 3728 man
1942 3665 2029 3728 denn
2053 3663 2109 3728 die

405 3787 681 3874 Bezeichnungen
705 3786 876 3873 freiwiliig
903 3788 971 3852 und
998 3786 1215 3873 unsreiwillig
1245 3788 1303 3852 mit
1327 3787 1515 3852 Riicksicht
1538 3787 1599 3852 aui
1619 3788 1685 3851 den
1708 3785 1932 3872 Augenblick
1956 3788 2018 3852 des
2042 3788 2109 3852 Ge·

292 3947 295 3952 ·
404 3911 569 3976 schehens
593 3912 655 3976 der
678 3911 865 3994 Handlung
888 3912 1118 3998 gebrauchen.
1166 3913 1201 3978 ln
1237 3913 1366 3978 diesem
1400 3910 1497 3976 Falle
1531 3912 1576 3978 ist
1609 3913 1693 3976 aber
1727 3912 1784 3976 die
1815 3910 2002 3996 Handlung
2035 3911 2109 3975 Irei·

405 4033 544 4120 willig‘f,
568 4050 726 4115 attamen,
751 4037 813 4101 nisi
835 4036 946 4116 fallor,
971 4051 1127 4121 praestat
1149 4036 1267 4102 ultima
1291 4037 1400 4102 verba
1423 4037 1472 4102 sic
1494 4038 1655 4102 reddere:
1693 4035 1854 4120 „folglich
1886 4035 2025 4102 handelt
2047 4037 2110 4100 der

404 4181 446 4224 so
469 4158 672 4224 Handelnde
695 4161 898 4247 sreiwillig“.
944 4162 1117 4245 Repetunt
1150 4163 1237 4227 enim
1267 4163 1313 4241 id,
1347 4163 1442 4248 quod
1475 4162 1541 4227 iam
1564 4162 1681 4246 primis
1704 4160 1770 4226 illis
1793 4163 1911 4229 ἐοίκασι
1935 4165 1969 4228 δὲ
1992 4163 2110 4248 μᾶλλον

404 4286 554 4362 ἑκουσίοις
578 4305 781 4368 expressum
799 4302 882 4366 erat,
907 4302 941 4351 et
964 4289 1059 4370 quod
1085 4303 1157 4352 erat
1182 4286 1485 4384 demonstrandum
1509 4300 1543 4350 et
1567 4287 1836 4351 demonstratum
1860 4301 1912 4350 est
1936 4261 2109 4351 enuntiato

406 4408 534 4473 causali
557 4411 674 4496 αίρεταί
696 4415 756 4496 γὰρ
779 4449 823 4458 -
846 4413 984 4496 λεκτέον,
1016 4427 1122 4495 atque
1151 4433 1227 4476 eum
1256 4411 1289 4475 in
1317 4411 1416 4474 finem
1440 4425 1609 4494 repetunt,
1642 4425 1679 4475 ut
1703 4410 1804 4474 etiam
1827 4411 2019 4476 accuratius
2043 4412 2109 4475 hoc

405 4535 657 4600 demonstretur
680 4539 903 4618 sequentibus
926 4542 980 4604 καί
1003 4543 1063 4625 γὰρ
1085 4537 1106 4621 ἡ
1129 4541 1210 4625 ἀρχὴ
1233 4562 1264 4603 κ.
1288 4560 1315 4602 τ.
1339 4538 1369 4603 λ.
1417 4536 1516 4616 Quae
1546 4557 1623 4600 cum
1652 4536 1700 4601 ita
1728 4537 1803 4614 siut,
1834 4558 1867 4601 v.
1896 4558 1933 4622 15
1958 4539 1992 4603 δὲ
2016 4537 2047 4602 in
2071 4541 2109 4622 δὴ

405 4643 544 4724 mutavi.
591 4659 736 4725 Talibus
771 4663 858 4725 enim
888 4661 920 4725 in
954 4663 1058 4726 rebus
1091 4663 1248 4726 codicum
1271 4663 1510 4726 auctoritatem
1535 4683 1601 4726 non
1624 4661 1787 4726 maiorem
1811 4683 1913 4745 quam
1938 4663 1969 4726 in
1993 4683 2110 4727 accen·

405 4785 496 4849 tibus
519 4785 774 4868 spiritibusque,
810 4785 877 4850 hoc
912 4802 963 4851 est
998 4784 1101 4870 plane
1135 4785 1262 4851 nullam
1298 4806 1374 4852 esse
1408 4786 1537 4870 optime
1571 4755 1680 4871 huper
1711 4787 1859 4852 ostendit
1882 4785 2108 4871 Stapfertt).

405 4909 582 4976 Hab'emus
605 4910 655 4976 sic
677 4910 743 4974 hoc
768 4931 909 4994 quoque
931 4910 1011 4976 loco
1034 4913 1275 4977 sententiarum
1300 4912 1583 4978 constructionem
1617 4913 1689 4978 eius
1712 4912 1858 4998 generis,
1890 4913 2029 4996 dequo
2053 4913 2109 4998 egi
2150 4993 2156 5007 ‚

407 5034 436 5096 in
461 5033 603 5112 Quaest.
628 5037 699 5100 crit.
725 5037 768 5100 de
793 5035 890 5120 polit.
916 5037 1021 5100 Arist.
1046 5036 1121 5100 libr.
1147 5059 1181 5119 p.
1206 5039 1281 5120 363.

499 5163 732 5246 1110b9-13
758 5163 1021 5241 demonstratur,
1051 5184 1110 5227 cur
1134 5161 1255 5226 falsum
1279 5164 1333 5241 sit,
1361 5163 1389 5226 si
1412 5165 1489 5245 quis
1512 5161 1595 5227 velit
1620 5162 1825 5225 contendere
1849 5177 2005 5226 coactum
2031 5183 2107 5225 eum

565 5353 597 5418 Μ’)
618 5355 751 5406 Kritische
770 5357 880 5408 StudIen
899 5375 929 5407 zu
949 5358 1109 5407 Aristoteles
1127 5356 1225 5406 Schriit
1245 5373 1297 5406 von
1318 5356 1365 5406 der
1384 5357 1473 5420 Seeie,
1494 5355 1636 5407 LandshutI
1659 5361 1734 5419 1890,
1754 5372 1781 5421 p.
1803 5330 1896 5413 h—lz.
