4820 5922
1206 413 1299 488 XIX

542 627 604 693 Vll
625 625 706 712 (Vl),
729 630 756 692 7.
782 625 876 690 1321·
890 625 930 688 30
952 619 1022 700 τοὺς
1043 625 1075 687 ἐν
1093 630 1140 707 τῷ
1161 646 1218 710 pro
1241 629 1305 688 τῶν
1327 625 1423 704 ἐντῷ
1452 620 1615 706 proposuit
1637 618 1714 682 mihi
1737 620 1870 696 amicus,
1892 623 2021 705 tamque
2043 628 2128 686 certa

376 747 453 812 mihi
475 748 599 814 ridetur
621 748 699 812 heec
720 747 909 827 emendatio,
941 749 976 808 ut
998 764 1038 808 ne
1061 745 1203 830 indigeat
1232 745 1361 829 quidem
1394 739 1666 806 commendatione
1698 743 1728 802 et
1764 740 2012 806 confirmatione.
2057 741 2125 806 Nec

377 870 483 932 minus
505 870 539 932 in
562 873 708 953 promptu
732 871 790 948 est,
813 885 869 930 cur
891 867 919 930 8.
947 864 1108 928 1322211.
1136 865 1183 932 12,
1208 864 1247 927 14
1269 857 1310 924 τὰ
1331 866 1393 924 τῶν
1415 863 1487 922 ἔνων
1520 895 1559 905 -
1582 851 1623 918 rei
1643 861 1706 918 τῶν
1728 850 1902 922 ἐνεστώτων
1924 898 1962 907 --
1986 855 2026 922 τὰ
2048 855 2127 948 παρὰ

377 1025 404 1033 -
438 983 479 1049 τὰ
500 980 534 1051 δὲ
556 981 635 1074 παρὰ
656 988 814 1071 requirat:
846 1006 905 1071 ego
926 986 1006 1050 hanc
1029 987 1243 1050 coniecturam
1266 984 1300 1046 in
1323 983 1394 1065 ipsa
1416 979 1545 1064 quidem
1565 976 1662 1041 verba
1689 997 1753 1042 non
1775 979 1963 1063 reciperem,
1992 983 2019 1044 si
2045 1001 2127 1045 nova

375 1109 452 1172 mihi
474 1108 615 1192 paranda
636 1111 722 1172 esset
743 1107 850 1188 editio,
872 1107 927 1171 sad
948 1109 981 1171 in
1003 1108 1087 1171 notis
1103 1125 1173 1170 eam
1197 1105 1273 1168 satis
1288 1099 1485 1186 probabilem
1499 1097 1601 1162 videri
1617 1117 1789 1162 monerem.
1833 1097 1958 1184 Optime
1977 1101 2070 1166 1322·
2087 1101 2125 1166 19

376 1229 455 1292 vidit
476 1248 534 1312 pro
566 1218 705 1313 διῄρηται
737 1227 928 1291 contrarium
949 1226 1082 1291 uerbum
1106 1225 1295 1304 desiderari,
1329 1221 1420 1285 velut
1446 1223 1601 1289 ουνῆκταιι
1634 1237 1697 1282 uon
1721 1219 1808 1284 enim
1830 1239 1889 1304 ego
1912 1223 1988 1285 satis
2010 1219 2125 1285 sustuli

374 1347 570 1432 scrupulum,
592 1367 666 1411 cum
689 1346 885 1411 secluderem
910 1345 1092 1430 exemplum
1115 1367 1145 1410 v.
1162 1344 1202 1409 20
1226 1339 1286 1406 οἷον
1303 1331 1462 1412 Ἀθήνησιν
1481 1331 1561 1416 (ί.)
1580 1340 1643 1398 τῶν
1665 1327 1771 1399 ἕνδεκα
1793 1337 1993 1423 καλουμένων,
2022 1339 2125 1406 Locus

374 1469 473 1554 igitur
492 1467 612 1532 laborat
633 1469 779 1550 graviore
795 1466 982 1550 corruptela,
1005 1486 1098 1549 quam
1116 1469 1151 1529 ut
1166 1464 1343 1530 accuratius
1358 1459 1508 1543 cognosci
1523 1479 1541 1522 a
1557 1456 1650 1520 nobis
1666 1461 1761 1542 queat
1783 1459 1853 1522 eius
1876 1465 1997 1524 natura.

540 1585 618 1650 VIll
638 1584 700 1668 (V),
724 1586 749 1647 1.
775 1583 871 1649 13011
895 1586 936 1650 30
957 1583 1039 1670 λέγω
1071 1621 1109 1632 -
1144 1585 1184 1648 35
1203 1585 1313 1667 spuria
1335 1601 1407 1646 esse
1441 1579 1620 1661 suspicatur
1640 1575 1871 1659 Niamoyer:
1903 1599 1955 1645 res
1978 1599 2055 1644 sane
2077 1583 2126 1644 est

372 1707 508 1772 difficilis
531 1707 713 1771 diiudicatu.
758 1704 872 1770 Contra
892 1712 975 1770 reete
998 1705 1037 1770 ab
1060 1727 1098 1771 eo
1121 1709 1149 1775 2.
1176 1704 1273 1771 1302b
1297 1705 1317 1768 8
1348 1701 1459 1786 reponi
1480 1692 1590 1772 αὐτοὺς
1611 1718 1667 1782 pre
1689 1688 1849 1777 ἀλλήλους,
1875 1701 1903 1764 si
1926 1699 2003 1785 quid
2026 1700 2123 1784 sapio,

375 1829 429 1892 vix
453 1829 621 1912 quisquam
658 1825 796 1911 negabit.
841 1823 991 1912 Denique
1026 1826 1108 1912 quod
1145 1827 1193 1889 11.
1220 1823 1379 1889 13131219
1412 1818 1592 1884 dubitanter
1622 1838 1679 1902 pro
1701 1823 1847 1904 corrupte
1870 1813 1988 1905 ρυλοιιιιί.
2008 1820 2125 1884 conicit

372 1948 547 2034 ριλεταιρίιι,
570 1953 654 2012 certe
675 1949 788 2012 melior
812 1952 860 2010 est
882 1948 933 2011 hic
954 1947 1144 2012 emendandi
1166 1950 1300 2013 conatus
1322 1962 1417 2030 quam
1439 1941 1560 2026 priores
1583 1957 1702 2003 omnes.

537 2067 781 2133 Poetieerum
806 2088 906 2134 unium
936 2073 1058 2132 tautum
1082 2069 1186 2132 lecum
1209 2067 1319 2150 paucis
1341 2062 1488 2130 tractabo.
1519 2059 1570 2124 Ex
1585 2061 1851 2143 interpretationis
1874 2061 1959 2124 euim
1975 2058 2122 2142 Syriacae

371 2189 575 2255 translatione
601 2187 733 2252 Arabica
765 2189 859 2254 etiam
883 2208 969 2253 nunc
997 2188 1081 2253 haud
1110 2189 1153 2252 ita
1184 2208 1254 2252 raro
1275 2187 1399 2252 restitui
1421 2201 1517 2270 posse
1565 2181 1717 2245 lectiones
1738 2180 1855 2244 codicis
1878 2178 1989 2244 Graeci
2010 2177 2058 2260 (Σ)
2082 2179 2123 2242 A⁰

370 2314 477 2374 nostre
507 2309 607 2373 multo
629 2309 827 2392 antiquioris,
859 2327 921 2391 quo
947 2306 1047 2390 Syrus
1069 2327 1148 2371 usus
1171 2314 1228 2388 est,
1259 2307 1366 2371 decuit
1398 2323 1456 2368 nos
1487 2295 1861 2388 Margoliouthus⁵⁶t
1904 2297 1996 2363 Unde
2017 2298 2121 2362 lecum

320 2409 322 2414 ,
369 2431 451 2496 mala
473 2451 496 2498 a¹
511 2447 563 2492 me
581 2429 700 2494 editum
716 2430 743 2491 1.
760 2428 854 2492 1447·
874 2427 1009 2492 21-122
1030 2447 1117 2492 nuuc
1139 2429 1255 2492 arelius
1268 2427 1360 2491 edam
1378 2427 1482 2490 varias
1503 2425 1656 2520 lectiones
1679 2440 1721 2484 er
1736 2419 1763 2483 Σ
1776 2423 1808 2483 et
1822 2421 1864 2483 Αΰ
1883 2418 2120 2503 suppositurus:

1252 2631 1367 2696 ἅπασαι
1388 2631 1442 2717 μὲν
1462 2635 1616 2695 ποιοῦνται

661 2746 716 2821 τὴν
735 2751 855 2837 μίμησιν
877 2751 908 2813 έν
926 2753 1031 2838 ρύθμῷ
1054 2754 1104 2814 καὶ
1125 2743 1208 2838 λόγῳ
1232 2753 1282 2815 καὶ
1303 2747 1436 2840 ἁρμονίᾳ,
1456 2744 1575 2826 το’τοις
1596 2743 1622 2814 δ’

661 2865 680 2940 ἦ
703 2873 793 2957 χωρὶς
815 2865 834 2942 ἢ
857 2871 1056 2958 μεμιγμένοις,
1079 2866 1139 2934 οἷον
1160 2866 1284 2959 ἁρμονία
1307 2869 1361 2958 μὲν
1383 2873 1433 2935 καὶ
1450 2873 1556 2959 ρὐίίμῷ
1578 2862 1657 2958 χροί-

662 3013 747 3076 μσναι
765 2983 854 3077 μόνον
874 2989 893 3062 ἥ
916 3013 951 3055 τε
973 2988 1120 3063 αὐλητικὴ
1143 2986 1231 3062 καὶὴ
1255 2986 1445 3080 κιθαριστικὴ
1465 2985 1521 3053 ιιοίν
1542 2995 1568 3054 ri
1588 3013 1664 3066 τινες

577 3111 618 3175 25
661 3111 760 3196 ἕτεραι
778 3103 976 3196 τυγχάνουσιν
998 3105 1083 3174 οὖσαι
1103 3117 1242 3174 τοιαῦται
1262 3107 1319 3181 την
1337 3103 1470 3198 δύναμιν,
1490 3104 1587 3180 cievit
1609 3113 1672 3172 τῶν

662 3233 814 3319 συρίγγιον,
837 3230 920 3314 αὐτῷ
942 3223 977 3294 δὲ
997 3237 1042 3314 τῷ
1066 3235 1172 3319 ῥυθμῷ
1193 3233 1282 3318 χωρὶς
1304 3225 1441 3319 ἁρμονίας

660 3343 680 3419 ἡ
702 3355 765 3412 τῶν
787 3348 943 3437 ὀρχηστῶν
965 3353 1028 3434 (καὶ
1048 3345 1104 3438 γὰρ
1127 3341 1210 3414 οὗτοι
1232 3342 1283 3414 διὰ
1303 3355 1366 3413 τῶν
1387 3344 1654 3438 σχηματιζομένων

663 3472 785 3556 ῥυθμῶν
807 3476 965 3556 μιμοῦνται
987 3473 1036 3534 καὶ
1057 3465 1121 3542 ἤθη
1144 3473 1194 3534 καὶ
1214 3463 1301 3541 πάθη
1322 3473 1372 3534 καὶ
1395 3462 1536 3558 προέξεις),
1556 3469 1575 3542 ἦ
1598 3466 1633 3534 δὲ

663 3581 751 3674 μόνον
773 3601 835 3665 τοῖς
856 3581 957 3677 λόγοις
979 3591 1074 3676 ψιλοῖς
1094 3589 1113 3674 ἡ
1136 3602 1199 3666 τοῖς
1221 3591 1346 3678 μέτροις,
1369 3594 1419 3655 καὶ
1440 3583 1559 3667 τούτοις

526 3709 622 3773 144712
665 3713 726 3772 εἴτε
744 3715 869 3795 μιγνῦσα
892 3708 954 3796 μετ’
982 3703 1125 3782 ἀλλήλων
1146 3709 1200 3774 εἴθ’
1227 3711 1266 3773 ένί
1287 3735 1343 3773 τινι
1364 3711 1442 3796 γένει
1462 3711 1600 3798 χρωμένη

598 3831 617 3896 8
659 3835 722 3892 τῶν
743 3830 868 3917 μέτρων,
890 3823 1041 3919 ἀνώνυμος
1062 3824 1253 3918 τυγχάνουσα
1274 3831 1361 3920 μέχρι
1381 3836 1437 3897 τοῦ
1458 3837 1514 3896 νῦν.

365 4029 783 4042 ———-

365 4193 437 4260 gula,
455 4183 486 4242 τὰ
505 4182 568 4242 κατὰ
588 4187 660 4259 μέρος
679 4192 707 4243 et
724 4182 755 4241 τὰ
773 4184 834 4241 καθ’
860 4189 1168 4260 ἕκαστα,ι1ο1οτ(γυο1σιιο
1195 4207 1262 4260 quaa
1289 4207 1380 4245 revera
1397 4191 1476 4245 decet
1493 4189 1660 4254 Aristoteles,
1680 4187 1739 4244 dico
1758 4191 1786 4244 in
1803 4189 1881 4244 rebus
1899 4190 2043 4246 moralibus
2063 4209 2115 4246 nou

367 4276 519 4348 possedant
538 4277 689 4346 praecepta,
708 4291 775 4344 quae
793 4275 826 4329 ad
845 4277 966 4345 singulos
988 4293 1078 4330 omues
1096 4276 1240 4347 quadrent,
1267 4295 1330 4346 erge
1349 4279 1457 4332 maioris
1475 4293 1532 4331 esse
1549 4276 1678 4331 momenti
1696 4293 1775 4346 quam
1794 4277 1882 4330 omnia
1900 4277 1946 4331 illa
1964 4282 2115 4348 praecepta,

366 4367 397 4418 ut
416 4362 596 4432 unusquisque
614 4378 642 4415 se
669 4363 726 4431 ipse
754 4361 887 4416 observet:
910 4364 994 4418 virtue
1018 4381 1049 4418 er
1072 4359 1227 4419 Aristotelis
1244 4365 1379 4420 sententia
1396 4381 1449 4418 nou
1467 4366 1494 4418 in
1515 4363 1601 4418 medie
1619 4367 1675 4417 etat
1692 4362 1837 4418 secuudum
1864 4379 1919 4416 rem
1939 4357 2116 4435 (μεσότητιτῇ

347 4445 419 4504 ‘aar'
440 4442 501 4502 αὐτὸ
518 4443 548 4501 τὸ
565 4449 689 4518 πρᾶγμα),
706 4449 752 4502 sad
770 4450 798 4502 iu
817 4447 902 4502 medio
921 4448 1065 4503 secundum
1084 4467 1314 4520 unamquamque
1338 4466 1477 4521 personam
1502 4445 1630 4521 (μεσότητι
1647 4451 1678 4521 ιγ’
1696 4443 1755 4518 πρὸς
1771 4446 1863 4519 q'pdrt:
1882 4449 1950 4503 idem
1970 4449 2112 4506 discrimen

364 4541 413 4602 eat,
433 4536 502 4607 qued
519 4552 568 4589 nes
586 4535 732 4604 exprimere
749 4536 864 4589 solemus
883 4535 1004 4589 terminis
1029 4536 1179 4604 „objectivu
1193 4541 1222 4593 at
1240 4537 1417 4606 „subjectiv“.
1453 4537 1582 4606 Repetam
1607 4537 1690 4590 etiam
1714 4552 1810 4590 nerum
1830 4541 2017 4602 argumentum
2035 4554 2052 4589 a
2071 4553 2112 4590 ma

366 4625 420 4678 iam
440 4623 492 4677 alie
510 4623 568 4676 loeo
587 4621 702 4684 (Verhh.
721 4621 768 4674 der
784 4621 826 4676 35,
845 4647 879 4668 -2
898 4621 1030 4676 Stettiner
1047 4623 1283 4691 Philologeurers„
1310 4625 1383 4694 Ilipa.
1414 4625 1488 4679 1881.
1508 4641 1532 4694 p.
1551 4625 1592 4678 ⁴0.
1612 4642 1637 4678 n.
1658 4625 1702 4684 95)
1725 4623 1853 4676 additum.
1890 4623 2009 4677 Confusa
2037 4623 2110 4678 uotio

363 4703 505 4782 μεσοτήτων
522 4708 675 4774 παθητικῶν,
702 4711 734 4762 ut
750 4707 894 4773 Eudemus,
916 4711 970 4764 aive
989 4705 1131 4780 μεσοτήτων
1149 4709 1173 4762 ἐν
1190 4714 1239 4772 τοῖς
1256 4705 1367 4778 πάθεσιν,
1396 4716 1427 4767 ut
1454 4711 1498 4765 hic
1515 4711 1630 4780 scriptor
1649 4709 1743 4773 libet,
1761 4710 1796 4762 30
1813 4727 1851 4778 eq.
1871 4725 1915 4764 ees
1932 4709 2059 4779 appellat,
2080 4709 2113 4762 ab

362 4795 510 4852 Aristotele
522 4795 608 4848 aliena
620 4797 674 4846 cet:
693 4795 716 4846 ei
730 4797 771 4847 cst
789 4795 878 4862 potius
898 4811 958 4864 pars
975 4797 1092 4867 ipsarum
1111 4797 1242 4852 virtutum
1261 4799 1401 4852 moralium
1419 4814 1471 4852 nen
1496 4789 1559 4850 κατὰ
1578 4791 1649 4862 πάθη
1667 4797 1707 4847 ael
1724 4791 1816 4864 πράξεις
1834 4812 1918 4866 neque
1936 4789 1999 4847 κατὰ
2018 4790 2110 4864 πράξεις

361 4883 441 4945 selae,
476 4871 692 4944 catarracten
711 4878 776 4942 sela,
795 4896 818 4932 r.
839 4881 892 4946 111,
910 4883 934 4936 9.
956 4883 994 4938 13.
1012 4885 1061 4948 IV,
1078 4886 1118 4940 11.
1138 4887 1218 4938 1115Ι
1235 4883 1252 4937 ‘i
1270 4901 1326 4954 sqq.
1349 4885 1428 4940 llrlb
1448 4885 1481 4938 24
1499 4901 1554 4954 sqq.
1576 4881 1658 4937 lietb
1679 4885 1720 4936 26.
1765 4881 1899 4936 Provocat
1925 4881 2110 4936 Itasaovius

361 4967 395 5022 ad
413 4965 532 5020 tabulam
551 4965 691 5019 moralium
710 4966 841 5020 virtutum
859 4967 887 5022 in
904 4967 968 5023 Eth.
987 4969 1054 5024 End.
1074 4970 1111 5034 II,
1130 4969 1154 5025 3.
1177 4971 1258 5024 12211)
1272 4971 1306 5024 36
1320 4988 1385 5042 sqq,
1403 4975 1436 5026 at
1450 4970 1562 5026 tortasse
1579 4985 1594 5023 a
1612 4970 1746 5023 contrario
1768 4971 1796 5023 iu
1810 4969 1879 5023 huno
1901 4967 2019 5022 tabulam
2038 4968 2108 5024 idam

361 5051 442 5115 cadit,
461 5051 532 5121 qued
549 5051 576 5105 iu
595 5051 662 5106 illud
680 5056 775 5121 caput:
802 5059 859 5108 tam
878 5055 962 5108 multa
988 5059 1053 5112 eunt
1080 5057 1108 5111 in
1134 5075 1173 5122 aa,
1200 5075 1267 5128 quae
1286 5077 1334 5114 noa
1352 5059 1493 5122 offendant,
1523 5060 1553 5112 ut
1576 5059 1647 5110 certe
1665 5057 1703 5111 sie
1723 5073 1775 5111 nou
1794 5054 1826 5110 ab
1845 5055 1974 5120 Eudemo,
1993 5055 2105 5111 fumasse

361 5139 539 5194 omuinoneu
557 5139 638 5194 abeo
656 5141 819 5210 scriptasit.
856 5142 898 5195 Ab
916 5159 966 5197 usu
989 5145 1113 5214 loquendi
1140 5146 1302 5200 Aristoteles
1329 5145 1469 5200 abhorrere
1488 5143 1592 5197 videtur
1610 5141 1665 5194 δίον
1685 5143 1764 5198 1107·
1780 5140 1815 5196 32
1842 5159 1889 5212 pre
1919 5143 1953 5192 δεῖ
1983 5141 2023 5195 τοί
2057 5143 2113 5198 δίον

360 5223 417 5292 tert,
435 5241 458 5280 v.
478 5225 604 5282 Bonita.
640 5225 699 5280 lud.
719 5228 764 5280 Ar.
785 5227 848 5283 168·
865 5227 898 5284 50
915 5245 981 5300 sqq,
1001 5231 1047 5299 qui
1065 5231 1163 5284 trrretra
1182 5233 1273 5285 tentet
1290 5232 1360 5286 hune
1379 5232 1475 5285 locum.

525 5313 570 5380 56)
588 5314 719 5368 Analecta
737 5315 877 5371 orientalia
895 5317 928 5370 ad
947 5315 1084 5372 Poeticam
1102 5317 1303 5382 Aristotelem,
1322 5317 1405 5372 Loud.
1426 5317 1500 5372 1881.
