4850 5918
679 731 1249 846 VNIVERSITATIS
1323 733 1810 846 LITTERARIAE

873 981 1619 1094 GRYPHiSWALDENSIS

1129 1234 1365 1284 RECTOR

577 1409 1069 1579 VICTOR
1204 1411 1907 1582 SOHULTZE

1276 1732 1302 1780 M

845 1911 1177 1999 OONOILIO
1231 1911 1654 2001 AOADEMIOO

1192 2141 1220 2192 S.
1259 2143 1291 2190 D.

983 2319 1164 2385 ClVlBVS
1209 2319 1508 2386 ACADEMICIS.

1115 2547 1372 2582 ...404—

564 2799 663 2920 Tres
686 2871 763 2920 sunt
787 2855 1000 2919 Poeticorum
1026 2855 1314 2921 Aristoteleorum
1338 2857 1416 2939 loci,
1440 2859 1565 2944 quibus
1589 2857 1818 2942 philosophus
1841 2858 1886 2921 de
1909 2857 2098 2942 originibus

395 2999 428 3048 et
451 2982 550 3048 initiis
574 2979 776 3046 comoediae
800 2979 938 3044 Atticae
963 2979 1044 3066 egit.
1096 2981 1139 3046 Et
1175 2981 1304 3064 primus
1339 3004 1459 3048 eorum
1497 3005 1526 3068 3.
1555 2984 1660 3065 1448·
1684 3003 1726 3066 29
1749 3002 1826 3065 sqq.
1850 2983 1897 3048 διὸ
1929 2985 1982 3048 καί
2017 2985 2097 3048 ἀντι-

393 3117 549 3174 ποιοῦνται
572 3117 627 3192 τῆς
650 3129 685 3172 τε
712 3106 885 3192 τραγῳδίας
920 3106 948 3170 οἱ
976 3105 1116 3192 Δωριεῖς,
1149 3118 1203 3192 τῆς
1236 3111 1290 3192 μὲν
1324 3113 1384 3195 γὰρ
1418 3110 1584 3195 κωμῳδίας
1612 3107 1640 3170 οί
1668 3108 1820 3193 Μεγαρεῖς
1848 3107 1879 3170 οί
1902 3129 1936 3172 τε
1958 3107 2098 3173 ἐνταῦθα

394 3231 449 3316 (ὡς
467 3235 516 3300 ἐπί
532 3243 585 3318 τῆς
602 3227 675 3319 παρ’
690 3232 792 3309 αὑτοῖς
813 3231 1020 3317 δημοκρατίας
1037 3231 1214 3317 γενομένης)
1231 3236 1284 3298 καί
1300 3235 1328 3298 oi
1343 3235 1381 3300 ἐκ
1398 3235 1542 3311 Σικελίας
1565 3230 1703 3317 (ἐκεῖθεν
1726 3234 1787 3318 γὰρ
1809 3231 1846 3318 ἦν
1869 3229 2057 3319 Ἐπίχαρμος
2080 3233 2098 3295 δ

393 3361 522 3443 ποιητὴς
544 3359 653 3456 ιιολλῷ
677 3357 824 3441 πρίιιερος
849 3357 892 3422 ὢν
914 3355 1068 3423 Χιωνίδου
1091 3359 1144 3422 καί
1167 3357 1355 3444 Μάγνητος),
1379 3363 1433 3426 καί
1463 3368 1520 3443 τῆς
1548 3359 1720 3444 τραγῳδίας
1740 3361 1822 3438 Ιἔνιοι
1849 3367 1911 3424 τῶν
1939 3359 1972 3423 ἐν
1999 3357 2098 3422 Πελο-

393 3483 549 3568 ποννήσῳ,
572 3482 747 3566 ποιούμενοι
770 3485 810 3546 τὰ
833 3482 970 3565 ὀνόματα
992 3493 1128 3567 σημεῖον.
1184 3481 1268 3548 οὗτοι
1292 3480 1392 3567 (αὐτοί
1419 3499 1512 3548 recte
1540 3479 1806 3567 Spengelius)
1831 3485 1967 3570 μὲνγὰρ
1990 3481 2097 3567 κώμας

392 3612 447 3686 τὰς
470 3608 657 3692 περιοικίδας
679 3609 787 3674 καλεῖν
819 3631 922 3693 φασιν,
958 3605 1122 3691 Ἀθηναῖοι
1145 3609 1178 3673 δὲ
1202 3609 1326 3692 δήμους,
1352 3609 1392 3686 ὡς
1416 3610 1587 3694 κωμῳδοὺς
1622 3607 1680 3672 οὐκ
1702 3609 1765 3673 ἀπὸ
1792 3618 1847 3673 τοῦ
1870 3606 2025 3694 κωμάζειν
2048 3603 2097 3671 λε-

393 3733 539 3820 χθέντας,
557 3733 640 3799 ἀλλὰ
656 3744 695 3819 τῇ
713 3737 795 3800 κατὰ
810 3731 918 3819 κώμας
940 3734 1042 3818 πλάνῳ
1063 3731 1304 3818 ἀτιμαζομένους
1325 3735 1363 3798 ἐκ
1378 3743 1433 3798 τοῦ
1453 3737 1581 3816 ἄστεως,
1598 3735 1651 3798 καί
1672 3736 1707 3798 τὸ
1725 3743 1822 3798 ποιεῖν
1839 3732 1925 3798 αὐτοί
1942 3734 1996 3817 μὲν
2013 3733 2097 3817 δρᾶν,

394 3853 584 3942 Ἀθηναίους
607 3856 642 3924 δὲ
664 3858 808 3944 πράττειν
831 3858 1070 3945 προσαγορεύειν
1100 3857 1166 3921 iam
1191 3873 1244 3922 est
1267 3872 1336 3922 tam
1360 3874 1519 3923 accurate
1543 3873 1708 3924 tractatus
1732 3879 1753 3921 a
1778 3856 1859 3922 viris
1882 3855 2097 3934 doctissimis

394 3997 431 4044 ut
455 3979 536 4054 nihil
558 3982 714 4060 habeam,
733 3984 827 4064 quod
845 3983 981 4046 adicere
999 3982 1128 4066 possim
1137 3979 1172 4066 ¹).
1205 3981 1261 4046 Bis
1276 3982 1484 4048 Aristoteles
1502 3983 1657 4047 immixta
1673 3980 1828 4046 relationi
1844 4003 1928 4048 suae
1943 3980 2098 4045 oratione

397 4105 536 4184 directa,
572 4108 695 4173 ἐκεῖθεν
730 4110 790 4194 γὰρ
824 4107 862 4192 ἣν
896 4104 1086 4193 Ἐπίχαρμος
1118 4130 1150 4171 κ.
1174 4128 1201 4170 τ.
1226 4108 1254 4172 λ.
1280 4122 1313 4172 ει
1342 4105 1507 4194 Ἀθηναῖοι
1535 4111 1569 4175 δὲ
1592 4109 1716 4193 δήμους,
1741 4128 1782 4172 ea
1805 4107 1983 4192 significat,
2008 4127 2098 4190 quae

393 4231 468 4314 ipse
492 4229 665 4316 probati),
690 4232 733 4295 de
757 4231 878 4297 ceteris
902 4232 1005 4296 rebus
1028 4228 1188 4296 iudi'cium
1212 4253 1310 4298 suum
1335 4232 1498 4318 retinetss),
1517 4248 1549 4296 et
1567 4252 1635 4318 ego
1652 4251 1780 4315 sequor
1797 4231 1869 4296 eius
1886 4230 2097 4314 exemplum:

394 4356 499 4421 credo
523 4357 661 4438 quidem
686 4378 761 4420 cum
786 4355 1131 4442 Wilamowitzio4)
1164 4357 1318 4442 ignotum
1347 4357 1450 4422 fuisse
1473 4356 1660 4444 Stagiritae
1695 4355 1923 4432 Susarionem,
1959 4377 2035 4419 nam
2069 4355 2098 4420 si

393 4495 493 4546 notus
518 4480 548 4545 ei
572 4482 701 4560 fuisset,
725 4481 787 4546 vix
811 4481 924 4565 potuit
948 4482 1015 4545 hoc
1038 4480 1171 4546 silentio
1195 4483 1346 4560 transire,
1371 4482 1467 4565 quod
1491 4481 1523 4545 in
1547 4481 1646 4545 huius
1671 4496 1797 4565 poetae
1826 4483 2000 4560 memoria,
2024 4480 2098 4546 sive

393 4627 477 4672 vera
501 4605 562 4670 fuit
587 4626 734 4689 persona
757 4606 832 4672 sive
855 4607 943 4683 ficta,
969 4606 1162 4672 nitebantur
1183 4607 1296 4672 Nisaei
1312 4608 1534 4693 Megarenses
1558 4603 1653 4671 velut
1676 4603 1708 4668 in
1724 4605 1919 4689 Epicharmi
1935 4605 2097 4690 Hyblaei,

394 4733 457 4796 sed
480 4731 613 4818 ignom,
638 4745 751 4795 utrum
776 4731 1084 4816 antiquissimorum
1110 4747 1303 4816 temporum
1328 4731 1508 4797 comoedia
1533 4731 1650 4796 Attica
1674 4730 1854 4796 rudissima
1878 4753 1897 4796 e
1921 4733 2098 4818 Megaren-

556 4965 574 5030 ¹)
596 4967 636 5016 Cf.
655 4967 775 5031 inprimis
795 4964 829 5015 de
847 4966 1069 5016 Wllanrowirz
1106 4967 1159 5017 Die
1178 4965 1344 5030 megarische
1362 4962 1523 5027 Komoedle,
1543 4963 1632 5014 Herm.
1653 4963 1698 5014 lx.
1722 4965 1796 5022 1875.
1817 4980 1843 5028 p.
1865 4974 2013 5026 319-341.

555 5053 575 5120 ί)
596 5057 681 5106 Recte
699 5056 753 5106 hoc
771 5056 871 5106 monuit
890 5056 1166 5106 Wilarnowitzius
1185 5055 1201 5105 ί.
1221 5055 1238 5105 ί.
1257 5070 1284 5120 p.
1305 5063 1356 5116 334
1374 5069 1415 5116 sq.

553 5143 574 5208 3)
593 5146 737 5210 Perperam
756 5145 1033 5196 wilamowlrzius
1051 5145 1067 5195 l.
1087 5145 1104 5195 ί.
1123 5161 1150 5210 p.
1171 5155 1222 5208 334
1240 5159 1281 5208 sq.
1302 5145 1369 5192 hanc
1388 5141 1578 5193 dubitationem
1598 5151 1729 5206 permutat
1749 5143 1774 5191 in
1794 5143 1972 5205 negationem.

553 5231 574 5298 ί)
596 5235 625 5284 L.
645 5237 662 5285 Ι.
681 5251 709 5300 p.
730 5245 780 5298 334
799 5251 855 5300 sq.:
876 5250 966 5294 „wenn
987 5234 1146 5285 hrrsroreres
1165 5235 1262 5282 keinen
1281 5232 1398 5281 aeheren
1417 5231 1457 5281 als
1478 5231 1622 5281 Chionides
1636 5239 1723 5292 neunt,
1736 5245 1768 5279 so
1781 5231 1836 5280 thar
1856 5247 1884 5280 er
1904 5229 1951 5278 das
1965 5229 2100 5280 enrweder

394 5321 453 5372 weil
473 5337 503 5372 cr
522 5320 650 5371 Susarion
670 5321 739 5372 nicht
759 5322 856 5372 kannte
875 5322 942 5372 oder
962 5322 1021 5371 weil
1042 5337 1070 5370 er
1090 5335 1123 5370 an
1142 5321 1185 5370 ibn
1205 5321 1276 5370 nieht
1294 5319 1429 5384 glaubte“.
1467 5321 1527 5369 Non
1547 5319 1607 5384 hoc,
1627 5318 1674 5369 sed
1696 5319 1759 5368 illud
1780 5319 1949 5370 verisimilius
1969 5329 2015 5368 est.
