4850 5918
1055 437 1269 536 —rffln—

306 647 618 734 1ῐοὶι(κοιθόιὺτοὶς,
646 650 666 713 i.
692 671 721 714 e.
746 653 782 716 οὐ
805 655 888 716 κατὰ
911 651 1116 737 συμβεβηκὸς,
1148 668 1185 715 ut
1217 666 1310 715 recte
1342 653 1487 717 adnotat
1513 652 1755 739 Stewartus)
1787 655 2014 720 Hervorbrin-

306 776 421 861 gende
443 775 551 840 sind“.
596 776 716 858 Itaque
739 795 846 859 aegre
870 794 1055 858 possumus
1079 776 1144 838 hac
1166 775 1335 859 particula
1358 798 1486 841 carere.

466 898 626 982 Denique
649 901 693 963 ad
719 898 897 964 nonnullos
926 899 1024 964 locos
1052 901 1160 963 redeo
1187 900 1254 964 iam
1282 901 1313 970 in
1337 902 1437 966 tertia
1465 902 1585 966 harum
1609 903 1846 986 quaestionum
1869 919 1970 988 parte
1993 925 2014 968 a

306 1045 361 1089 me
387 1041 555 1089 tractatos
578 1039 725 1108 propter
742 1024 919 1109 egregiam
935 1023 1036 1088 huius
1051 1024 1160 1107 partis
1184 1023 1426 1105 recensionem,
1451 1049 1554 1111 quam
1578 1028 1805 1093 Goebelius
1828 1029 2013 1114 scripsit⁵⁰)

304 1147 337 1213 in
360 1149 485 1214 diario:
510 1149 786 1213 Wochenschrist
810 1151 867 1213 fiir
890 1148 995 1213 klass.
1019 1147 1141 1213 Philol.
1164 1150 1238 1214 ΧΠ.
1268 1153 1361 1234 1895.
1386 1173 1420 1234 p.
1444 1173 1632 1237 313—319.

467 1273 572 1353 Quod
589 1274 675 1338 enim
692 1275 723 1338 8.
745 1283 847 1358 ¹¹⁰9⁸
874 1276 913 1338 16
935 1277 956 1359 ἡ
979 1278 1056 1360 πρὸς
1078 1276 1269 1359 κοσμιότητα
1291 1274 1425 1354 seclusi,
1449 1277 1613 1360 probavit
1635 1277 1703 1340 hoc
1726 1277 1778 1342 vir
1800 1278 2015 1342 acutissimus

304 1397 475 1482 simulque
491 1398 586 1463 reicit
603 1399 704 1462 etiam
721 1399 898 1482 sequentia
914 1394 1001 1465 ταῦτ’
1025 1397 1079 1462 οὖν
1103 1400 1222 1484 μᾶλλον
1244 1401 1367 1467 ἐναντία
1388 1399 1531 1486 λέγομεν,
1554 1405 1631 1488 πρὸς
1653 1406 1674 1467 ἃ
1696 1404 1717 1488 ἡ
1738 1402 1873 1482 ἐπίδοσις
1896 1402 2015 1488 μᾶλλον

304 1524 450 1608 γίγνεται.
498 1524 694 1602 Consentio,
727 1524 861 1588 sedita
885 1540 1024 1602 tantum,
1060 1540 1098 1587 ut
1121 1524 1207 1589 baec
1234 1526 1353 1604 verba,
1387 1547 1486 1610 quae,
1521 1544 1557 1590 ut
1580 1543 1673 1590 recte
1696 1543 1821 1606 monet,
1854 1544 2015 1611 repetunt

305 1652 543 1716 tantummodo
571 1651 638 1714 iam
671 1665 771 1714 antea
803 1671 836 1714 v.
865 1671 902 1733 13
926 1671 978 1732 sq.
1018 1650 1111 1712 dicta
1134 1654 1210 1734 πρὸς
1233 1653 1255 1714 ἂ
1276 1655 1337 1736 γὰρ
1361 1653 1448 1716 αὐτοὶ
1472 1653 1590 1736 μᾶλλον
1613 1651 1795 1738 enemente
1818 1674 1894 1734 πως,
1918 1663 2015 1718 ταῦτα

305 1777 424 1862 μᾶλλον
447 1775 571 1843 ἐναντία
591 1785 637 1864 τῷ
661 1777 746 1862 μέσῳ
770 1776 910 1861 μαίνεται
934 1774 1145 1856 turbantque
1177 1775 1441 1839 ratiocinationis
1465 1777 1755 1859 perspicuitatem,
1780 1791 1846 1842 non
1870 1799 1948 1841 cum
1972 1799 2015 1842 eo

305 1920 371 1984 pro
394 1900 513 1988 glossa
536 1900 716 1986 marginali
739 1901 902 1978 habeam,
927 1901 990 1964 sed
1022 1919 1087 1982 pro
1110 1898 1220 1963 altera
1252 1901 1438 1964 verborum
1462 1899 1598 1965 illorum
1621 1902 1832 1966 recensione:
1868 1919 2014 1984 possunt

305 2025 402 2105 enim,
426 2027 454 2090 si
478 2030 539 2113 γὰρ
562 2047 628 2110 pro
644 2025 698 2093 οὖν
714 2026 933 2104 restituimus,
959 2045 1078 2090 eorum
1102 2023 1182 2088 loco
1205 2026 1297 2108 poni,
1321 2024 1401 2090 licet
1424 2027 1532 2090 minus
1555 2027 1652 2105 bene,
1677 2025 1835 2109 talesque
1858 2026 2015 2111 duplices

304 2151 519 2216 recensiones
542 2153 573 2216 in
598 2152 727 2217 Etbicis
750 2150 990 2215 Nicomacheis
1012 2165 1090 2216 sunt
1114 2150 1419 2232 frequentissimae.

466 2295 496 2340 2.
526 2285 628 2359 1104l
651 2296 692 2360 25
717 2275 763 2360 (in
780 2275 861 2340 loco
876 2273 1010 2359 spurio)
1034 2294 1135 2339 acute
1162 2276 1302 2358 quidem
1323 2277 1473 2340 defendit
1494 2292 1684 2341 ceterorum
1702 2277 1859 2341 codicum
1876 2293 2016 2360 praeter

303 2399 472 2483 optimum
497 2401 549 2464 Kb
570 2399 750 2466 lectionem
774 2406 835 2489 γὰρ
857 2403 877 2486 ἡ
902 2417 1021 2465 contra
1044 2421 1108 2479 me,
1137 2401 1196 2485 qui
1221 2423 1266 2464 ex
1295 2399 1394 2466 buius
1422 2400 1499 2465 libri
1527 2401 1698 2484 scriptura
1720 2398 1747 2468 δ’
1769 2404 1790 2488 ἡ
1813 2402 1953 2485 reposui
1975 2405 2014 2488 δὴ

303 2523 334 2608 ἡ,
358 2538 392 2590 et
416 2525 690 2608 Bywaterum,
715 2527 773 2610 qui
797 2529 834 2612 δὴ
858 2525 1032 2609 praetulit,
1064 2541 1100 2590 at
1130 2548 1172 2589 ne
1205 2525 1293 2590 hunc
1326 2527 1464 2609 quidem
1491 2527 1695 2610 scriptorem
1728 2526 1894 2612 (nonest,
1927 2529 2015 2592 sicut

304 2649 387 2728 dixi,
412 2649 487 2732 ipse
511 2650 745 2734 Aristoteles),
779 2651 838 2716 ubi
867 2668 980 2715 tamen
1009 2650 1068 2714 lex
1097 2667 1150 2715 est
1173 2651 1420 2728 constituenda,
1452 2653 1519 2715 hoc
1541 2651 1588 2715 ita
1611 2651 1733 2730 fecisse
1754 2672 1843 2730 reor,
1877 2667 1914 2716 ut
1939 2674 2014 2716 eam

302 2793 370 2838 non
395 2795 415 2838 e
438 2773 682 2858 phaenomenis
699 2776 882 2855 derivaret,
907 2778 969 2840 sed
994 2791 1075 2859 post
1100 2796 1141 2839 ea
1164 2792 1362 2841 enumerata
1386 2777 1472 2840 bane
1496 2775 1610 2862 legem
1635 2773 1753 2840 eoru'm
1776 2798 1854 2842 esse
1876 2799 2014 2843 causam

304 2899 431 2964 realem
455 2901 596 2966 diceret.
636 2901 822 2966 Crederem
848 2901 1005 2980 fortasse,
1029 2901 1058 2966 si
1083 2901 1185 2965 etiam
1210 2903 1324 2965 codex
1347 2900 1406 2964 ille
1428 2902 1589 2985 optimus,
1614 2901 1673 2983 qui
1696 2902 1897 2985 saepissime
1920 2903 2012 2968 solus

304 3045 422 3089 verum
448 3041 507 3090 aut
531 3027 604 3091 veri
628 3026 749 3091 saltem
773 3027 922 3112 vestigia
945 3027 1108 3104 servavit,
1133 3026 1278 3090 haberet
1301 3031 1370 3112 γὰρ.

465 3171 495 3236 7.
525 3161 627 3236 1ro7⁸
651 3153 692 3216 28
715 3173 792 3236 sqq.
817 3152 932 3216 Probe
955 3152 1082 3216 iudicat
1115 3151 1168 3217 vir
1200 3151 1417 3216 doctissimus
1448 3167 1578 3215 rectum
1606 3150 1848 3234 syllogismum
1871 3152 2013 3232 restitui,

303 3274 332 3338 si
356 3274 536 3341 deleantur
559 3276 668 3341 verba
696 3279 728 3342 ἐν
761 3282 821 3365 γὰρ
853 3289 916 3356 τοῖς
948 3281 1018 3364 περὶ
1040 3281 1096 3355 τὰς
1118 3277 1241 3362 πράξεις
1266 3275 1370 3361 λόγοις
1393 3277 1421 3340 οἱ
1444 3276 1499 3360 μὲν
1522 3275 1667 3340 καθόλου
1690 3277 1856 3363 κενωτεροί
1878 3277 1963 3360 εἰσιν,
1987 3277 2015 3343 οἱ

304 3395 331 3466 δ’
353 3401 403 3466 int
427 3401 536 3487 μέρους
553 3403 779 3489 ἀληθινώτεροι
804 3417 895 3468 etv.
918 3424 959 3487 3²
985 3405 1019 3469 δὲ
1034 3417 1203 3468 servetur.
1242 3401 1293 3465 At
1316 3401 1416 3465 huius
1440 3399 1560 3484 capitis
1584 3399 1743 3482 scriptori
1767 3399 1903 3484 (iterum
1926 3401 2015 3465 enim

304 3543 369 3588 non
408 3541 460 3590 est
493 3527 570 3610 ipse
604 3526 826 3612 Aristoteles)
862 3530 1123 3593 condonandum
1157 3541 1209 3592 est
1244 3525 1372 3609 aliquid
1405 3545 1517 3608 neque
1549 3525 1676 3588 serrum
1706 3524 1865 3608 ignisque
1898 3525 2013 3590 statim

303 3664 380 3713 sunt
404 3649 599 3716 adhibenda
628 3652 673 3716 ad
701 3655 855 3718 sananda
889 3653 999 3718 verba
1035 3654 1117 3732 eius,
1153 3669 1190 3718 ut
1218 3651 1345 3716 tradita
1366 3667 1454 3728 sunt,
1489 3650 1563 3726 sed,
1598 3649 1626 3713 si
1650 3649 1722 3712 fieri
1744 3664 1871 3732 potest,
1907 3648 2015 3715 lenior

303 3773 498 3840 adhibenda
515 3777 691 3842 medicina.
727 3778 845 3844 Potest
861 3779 965 3862 igitur
982 3779 1200 3856 enuntiatum,
1226 3776 1320 3860 quod
1337 3776 1430 3840 baud
1446 3775 1518 3839 sine
1535 3793 1639 3837 causa
1662 3773 1785 3838 idonea
1810 3772 2014 3840 Goebelio

302 3897 472 3983 displicet,
507 3902 653 3966 fortasse
677 3903 724 3967 ita
748 3904 918 3982 excusari,
954 3918 990 3967 ut
1024 3925 1066 3968 eo
1093 3924 1160 3968 non
1189 3921 1259 3966 tam
1287 3922 1425 3966 causam
1449 3900 1564 3965 afferri
1588 3900 1818 3964 antecedentis
1842 3917 2013 3984 putemus,

302 4024 365 4087 sed
389 4023 474 4089 illud
498 4025 563 4090 hac
586 4027 782 4110 parenthesi
814 4026 922 4111 paulo
956 4042 1087 4092 tantum
1120 4029 1231 4113 magis
1255 4025 1426 4091 illustrari.
1467 4024 1506 4088 Si
1536 4041 1651 4090 autem
1680 4025 1749 4089 hoc
1771 4024 1945 4105 sumimus,
1975 4028 2013 4110 δὴ

303 4168 336 4210 v.
362 4169 403 4233 32
428 4169 494 4234 pro
518 4152 552 4216 δὲ
575 4151 731 4234 reposito
755 4152 843 4216 bene
870 4151 1030 4236 procedit
1055 4151 1238 4238 colligendi
1261 4151 1350 4216 ratio
1374 4150 1477 4216 haec:
1512 4151 1665 4215 actiones
1687 4150 1822 4215 virtutis
1845 4151 1935 4215 circa
1958 4172 2014 4214 res
2054 4143 2060 4153 ¹

302 4271 455 4358 singulas
471 4292 652 4342 versantur
675 4276 757 4365 (περὶ
780 4283 820 4346 τὰ
842 4276 921 4345 καθ’
944 4281 1064 4345 ἕκαστα
1087 4277 1119 4342 αἱ
1140 4278 1275 4364 πράξεις,
1300 4299 1333 4341 v.
1358 4274 1414 4362 31)
1439 4291 1474 4340 et
1497 4276 1583 4340 hanc
1606 4276 1654 4339 ob
1678 4297 1749 4340 rem
1773 4275 1925 4341 definitio
1949 4277 2014 4342 vir·

465 4467 498 4534 ω)
517 4473 611 4536 Recte,
637 4474 662 4522 nl
681 4473 769 4537 fallor,
793 4474 818 4524 ln
839 4474 917 4525 Polit.
937 4475 967 4537 ll,
989 4485 1022 4524 lo
1040 4488 1093 4522 non
1117 4471 1199 4522 modo
1220 4473 1308 4528 1271l³
1328 4481 1370 4530 3ο.
1389 4471 1430 4522 διὸ
1450 4497 1483 4506 -
1502 4482 1546 4532 4ο.
1565 4469 1694 4534 Κάμικον,
1714 4485 1784 4534 quae
1801 4485 1861 4520 mea
1881 4481 1937 4521 erat
1955 4487 2014 4522 sen-

305 4556 395 4618 tentia,
415 4573 506 4608 verum
526 4561 605 4610 etiam
623 4560 808 4612 antecedentia
828 4573 870 4618 27.
890 4564 998 4614 ἄποικοι
1027 4589 1060 4598 -
1089 4571 1131 4622 3ο,
1150 4563 1319 4612 κατοικοῦσιν
1341 4559 1376 4608 ab
1399 4559 1487 4610 aliena
1510 4574 1587 4608 manu
1610 4557 1701 4608 addita
1724 4574 1785 4608 esse
1804 4575 1955 4624 propensus
1974 4573 2014 4611 est

301 4642 337 4693 ad
356 4645 524 4700 credendum.
554 4649 653 4700 Contra
667 4652 692 4700 ln
706 4665 740 4700 eo
754 4652 846 4700 mirum
866 4653 893 4701 in
912 4651 1019 4702 modum
1039 4653 1148 4713 erravit,
1168 4649 1241 4715 quod
1260 4652 1287 4700 ln
1305 4651 1474 4700 Poetleorum
1497 4647 1589 4700 verbis
1609 4651 1650 4700 26.
1673 4649 1760 4712 146222
1782 4659 1795 4705 7
1814 4665 1874 4714 sqq.
1894 4649 2014 4700 lacunam

303 4734 392 4784 inesse
410 4736 562 4788 concedere
581 4754 633 4788 non
653 4739 715 4790 vult.
754 4739 816 4804 lpse
835 4741 904 4791 enim
933 4741 959 4789 in
979 4738 1070 4789 verbis
1099 4739 1243 4791 reddendis
1265 4739 1372 4790 scribit:
1402 4740 1504 4798 „Wenn
1522 4741 1563 4789 sie
1581 4738 1648 4788 aber
1665 4739 1788 4788 mehtere
1806 4738 1907 4789 Fabeln
1927 4738 2013 4788 haben

302 4857 309 4872 .
330 4856 337 4873 .
357 4858 363 4873 .
383 4839 416 4873 so
435 4825 479 4876 bat
498 4824 546 4875 das
566 4826 681 4878 Gedlcht
701 4829 782 4878 kelne
801 4828 932 4893 Einheit¹¹,
961 4840 988 4879 et
1005 4829 1059 4878 boc
1078 4830 1164 4894 ipsum
1184 4829 1259 4879 deest
1284 4831 1309 4880 in
1333 4828 1432 4880 tradito
1451 4838 1533 4879 textu.
1571 4829 1631 4892 Ego
1658 4827 1767 4893 quidem
1795 4828 1858 4878 olim
1885 4828 2014 4878 suadente

303 4911 452 4964 Usenero
476 4925 587 4966 conatus
610 4933 667 4967 sum
695 4917 882 4982 expungendis
910 4921 1000 4984 potius
1027 4918 1120 4969 verbis
1147 4919 1218 4985 λέγω
1242 4920 1271 4971 οὲ
1296 4915 1353 4970 οἷον
1380 4927 1474 4983 utpote
1493 4935 1509 4968 e
1528 4933 1553 4968 v.
1577 4929 1585 4969 1
1608 4919 1729 4982 repetitis
1748 4927 1774 4968 et
1792 4915 2014 4983 idv<i'>atque

301 5001 372 5064 Ιχοιν
390 5003 536 5054 scribendo
556 5005 687 5056 deiectum
707 5023 843 5073 reparare,
862 5019 889 5058 at
907 5009 956 5071 sic,
980 5007 1007 5057 id
1027 5008 1099 5071 quod
1118 5010 1179 5074 ipse
1196 5007 1250 5058 sibi
1269 5011 1398 5073 opposuit
1417 5008 1555 5071 Usener,
1580 5017 1689 5058 coaetus
1713 5023 1785 5056 eram
1809 5005 2013 5058 collocationem

302 5102 444 5154 praeterea
464 5093 608 5146 verborum
627 5099 791 5161 sequentium
812 5108 921 5161 mutare,
941 5112 1011 5162 quae
1029 5097 1092 5146 nihil
1111 5097 1200 5162 habet,
1224 5113 1278 5162 quo
1297 5097 1425 5161 offendat,
1450 5109 1477 5148 et
1499 5100 1635 5162 sapientes
1654 5097 1760 5162 quidam
1779 5097 1900 5148 homines
1918 5111 1953 5146 ex
1971 5112 2013 5146 me

301 5181 475 5247 quaerebant,
495 5199 541 5235 eur
560 5187 612 5236 hoc
625 5185 758 5238 iecissem.
789 5187 860 5238 inter
877 5188 998 5253 μείουρος
1017 5197 1104 5237 autem
1124 5198 1151 5237 et
1169 5187 1281 5252 μὺουρος
1299 5185 1434 5236 adieetiva
1453 5187 1596 5236 discrimen
1615 5202 1684 5250 esse,
1703 5196 1730 5235 et
1748 5187 1828 5251 quale
1847 5187 1889 5250 sit,
1909 5185 2014 5236 discere

302 5273 388 5336 potuit
408 5273 596 5326 Goebellus
616 5292 632 5326 e
651 5275 831 5342 Gomperri
852 5279 1085 5328 commentatione.
1123 5277 1218 5340 Neque
1237 5277 1331 5341 pirpou
1351 5274 1487 5327 uocabulo
1506 5277 1703 5328 universitatem
1726 5291 1851 5327 versuum
1869 5276 2012 5341 significari

301 5376 388 5426 posse
407 5363 538 5416 concedo.
