4850 5918
1109 361 1199 436 XIV

275 590 387 636 rursus
409 573 443 635 in
466 573 606 656 protasia
630 561 768 658 καθάπερ
798 610 829 619 -
850 563 1051 658 reparaveris
1078 577 1111 638 et
1138 575 1291 658 apodosin
1320 566 1374 636 τὸν
1401 565 1492 634 αὐτὸν
1516 609 1555 616 -
1577 569 1679 660 ἑτέρας
1702 572 1815 654 divisa,
1847 575 1954 638 tamen
1987 575 2034 639 sic

275 697 331 756 aut
351 694 494 775 pessima
515 692 687 776 tautologia
709 695 833 756 existit:
858 713 1088 779 „quaecunque
1109 699 1192 760 artes
1214 696 1258 759 ita
1278 695 1477 778 comparatae
1506 695 1592 774 sunt,
1622 695 1655 756 ut
1681 711 1791 758 aarum
1822 713 2034 778 unaquaeque

275 813 328 874 alii
351 815 409 876 uni
430 811 569 878 obnoxia
592 815 643 898 sit,
667 814 738 877 aliis
761 818 837 877 suut
855 813 1034 878 obnoxiao“
1057 819 1112 878 aut
1133 815 1292 880 sententia
1314 814 1404 878 baec:
1430 831 1515 894 „non
1538 811 1642 876 eidem
1660 813 1730 898 arti,
1752 812 1809 876 sod
1829 813 1966 878 diversis
1980 815 2036 879 ob-

275 933 392 996 noxiae
415 933 522 1015 sunt‘,
544 953 626 1017 quae
647 937 711 998 tam
734 953 809 997 vcra
831 938 889 1017 est,
912 938 947 999 ut
969 953 1063 998 nemo
1087 938 1183 1019 queat
1204 935 1243 998 de
1265 955 1304 1000 ea
1325 933 1482 1016 dubitare,
1504 953 1601 1017 quam
1632 937 1738 1000 tamen
1766 951 1836 996 eam
1864 935 1969 1018 ipsam
1993 934 2034 999 ob

274 1072 405 1116 causam
424 1053 530 1138 eloqui
553 1053 694 1135 dedecet,
716 1055 902 1136 praesertim
925 1074 998 1118 cum
1021 1055 1131 1119 nullus
1159 1055 1254 1139 plane
1283 1056 1354 1118 eius
1383 1073 1462 1119 usus
1489 1056 1531 1118 sit
1557 1054 1590 1117 in
1619 1052 1678 1116 hae
1706 1055 1935 1120 sententiarum
1966 1077 2035 1140 per·

273 1173 435 1256 potuitata.
479 1171 647 1238 Praeterea
669 1175 738 1238 sive
760 1175 833 1258 quis
853 1175 933 1239 illud
958 1177 1027 1238 siva
1049 1176 1109 1238 hoe
1130 1174 1262 1257 mavult,
1284 1171 1331 1236 ἀεὶ
1353 1175 1465 1238 saltem
1488 1173 1540 1238 vel
1563 1174 1667 1238 similo
1695 1173 1772 1258 quid
1798 1173 1838 1238 ad
1865 1167 1946 1238 ἄλλα
1970 1179 2037 1240 erat

275 1293 489 1376 adiciendum,
512 1299 546 1358 ut
569 1299 725 1359 structura
746 1296 900 1358 existerat
919 1299 951 1358 et
971 1294 1130 1358 eiusmodi
1154 1297 1322 1377 sententia,
1345 1294 1377 1358 id
1398 1296 1484 1380 quod
1500 1297 1603 1360 sensit
1623 1296 1687 1358 iam
1703 1295 1876 1380 Aspasius:
1902 1315 1976 1358 nam
1991 1291 2037 1358 ἀεὶ

274 1415 393 1478 addidit
415 1414 541 1498 ipsolll.
585 1414 669 1498 Ergo
690 1418 825 1499 protasis
849 1415 978 1499 quidem
1001 1413 1069 1478 ὅσαι
1091 1452 1131 1462 -
1152 1406 1274 1500 δύναμις
1296 1419 1381 1496 sunt,
1408 1415 1465 1479 sod
1490 1415 1691 1500 parenthesis
1717 1405 1855 1500 καθάπερ
1874 1450 1914 1460 -
1936 1411 2037 1500 ἐτέρας

274 1525 603 1607 allodiariorium.
625 1538 654 1596 λ.
677 1536 805 1600 domum
828 1536 985 1620 apodosis.
1031 1537 1066 1599 Si
1088 1537 1185 1620 igitur
1204 1538 1237 1598 in
1261 1536 1319 1600 hac
1341 1535 1470 1620 apodosi
1493 1527 1528 1596 δὲ
1550 1553 1678 1598 servaro
1700 1533 1790 1618 licat,
1812 1538 1862 1598 est
1890 1536 2037 1599 iteratum

274 1653 351 1717 illud
373 1675 416 1717 ex
438 1657 603 1720 anvrutiato
627 1657 760 1720 relativo
781 1657 815 1718 in
838 1656 1098 1738 demonstrativo,
1121 1675 1228 1740 nequo
1250 1658 1334 1720 recte
1358 1655 1453 1737 „huie
1475 1657 1653 1719 sententiae
1675 1655 1866 1720 assentirer‘
1891 1653 2037 1719 Euche-

273 1779 366 1840 nins
378 1781 413 1856 ⁸⁸)
435 1778 547 1860 inquit,
573 1778 619 1858 „si
636 1776 823 1841 Aristoteles
840 1778 1019 1860 scripsisset
1039 1767 1287 1850 inardescebat
1332 1774 1405 1840 Non
1426 1775 1511 1840 onim
1528 1777 1592 1838 tam
1608 1775 1755 1860 angustis
1769 1773 1889 1838 linibus
1904 1777 2039 1838 circum·

274 1898 422 1981 scriptam
445 1917 517 1962 esso
540 1898 621 1960 hanc
644 1897 795 1981 loquendi
822 1899 976 1962 rationem
1003 1901 1132 1981 apparet
1155 1918 1173 1960 o
1195 1897 1264 1961 loco
1284 1917 1381 1981 supra
1402 1899 1533 1960 tractato
1561 1893 1652 1958 Polit
1675 1892 1717 1975 11,
1739 1896 1768 1958 2.
1794 1893 1936 1958 lmese
1959 1914 2039 1979 sqq,

274 2015 329 2081 ubi
351 2016 489 2099 legimus
511 2017 542 2078 ἐν
563 2012 605 2090 οἷς
626 2007 662 2078 δὲ
685 2055 724 2063 -
747 2020 841 2079 τοῦτο
863 2007 899 2078 δὲ
920 2040 948 2078 ιι.
971 2040 999 2078 τ.
1020 2020 1050 2080 λ.
1094 2015 1240 2082 Praelero
1263 2009 1299 2078 δὲ
1320 2019 1448 2100 propter
1463 2017 1565 2100 ipsam
1585 2015 1668 2080 hanc
1690 2015 1858 2097 rationem,
1880 2016 2038 2100 quianon

278 2138 482 2200 consecutiva
505 2141 553 2200 est
567 2137 727 2220 epodosis,
743 2137 798 2200 sed
814 2137 934 2221 periodi
951 2137 1102 2202 relativae
1117 2137 1253 2202 alterum
1269 2136 1487 2202 tantummodo
1503 2134 1682 2200 membrum
1699 2132 2039 2216 demonstrativum⁸⁹t

278 2255 407 2338 Largior
428 2255 674 2340 sassones),
696 2263 730 2321 ut
753 2257 894 2322 nondum
919 2258 996 2320 milri
1021 2259 1188 2343 contigerit
1209 2259 1395 2341 exemplum
1423 2259 1580 2336 invenire,
1608 2275 1672 2340 quo
1694 2254 1828 2322 refutem
1850 2254 1935 2338 quod
1963 2275 2037 2318 con·

279 2377 389 2460 tendit,
411 2377 481 2442 dico
505 2379 645 2442 iteratam
670 2378 728 2441 hoc
751 2377 844 2442 modo
866 2369 902 2438 δέ
923 2378 1108 2462 particulam
1131 2381 1164 2442 in
1187 2378 1303 2442 talibus
1328 2379 1502 2442 enuntiatis
1524 2381 1746 2442 tenetentum
1768 2377 1918 2451 inveniri,
1940 2377 1968 2439 si
1984 2375 2037 2440 nd-

278 2499 437 2562 versativa
451 2499 492 2561 sit
507 2502 538 2562 et
553 2517 616 2562 non
633 2498 799 2562 transitum
815 2497 980 2563 dumtaxat
994 2499 1034 2563 ad
1048 2499 1142 2563 aliam
1157 2520 1224 2565 rem
1241 2498 1410 2584 significet,
1428 2501 1462 2562 ut
1473 2497 1631 2582 significat
1646 2516 1756 2581 reapse
1772 2497 1858 2564 hunc
1871 2496 2038 2561 dumtaxat

278 2617 337 2680 hoc
359 2618 438 2682 loco.
480 2618 629 2682 Attamen
653 2619 680 2681 si
704 2618 838 2684 alterum
858 2620 1053 2704 exemplum,
1077 2619 1109 2684 id
1130 2621 1215 2704 quod
1238 2619 1296 2682 vix
1317 2618 1422 2699 credo,
1445 2636 1509 2682 non
1532 2621 1627 2696 extat,
1648 2621 1756 2682 tanreu
1778 2619 1887 2682 nescio
1902 2636 1943 2680 an
1958 2617 2036 2681 sorta

279 2735 337 2800 hoc
359 2737 474 2802 lactum
497 2739 552 2802 sit:
571 2743 655 2803 carto
675 2757 846 2823 nusquam,
868 2743 903 2805 ni
916 2741 1016 2823 fallor,
1031 2737 1170 2804 adhibita
1191 2745 1240 2804 est
1259 2741 1336 2804 haec
1357 2739 1514 2822 repetitio,
1529 2741 1564 2801 ut
1578 2739 1629 2802 vis
1643 2736 1845 2804 adversativa
1859 2743 2035 2819 acueretur,

278 2856 335 2920 sed
359 2857 489 2942 ubique,
512 2862 547 2922 ut
567 2860 749 2923 coniunctio
772 2859 907 2924 membri
930 2861 1170 2924 demonstrativi
1196 2880 1269 2924 cum
1296 2859 1429 2924 relativo
1454 2858 1674 2940 antecedente,
1698 2861 1868 2942 postquam
1892 2858 2036 2942 longiore

277 2981 460 3062 parenthesi
483 2981 647 3044 interiecta
667 2979 899 3063 quodammodo
916 2980 1040 3045 turbata
1062 2985 1121 3064 est,
1143 2983 1369 3044 restitueretur.
1413 2977 1613 3063 Quamquam
1636 2995 1732 3062 possa
1761 2977 1848 3044 huno
1874 2979 1909 3041 in
1937 2978 2036 3042 finam

277 3101 371 3163 otiam
394 3090 432 3168 δή
455 3100 596 3164 adhiberi
620 3100 707 3164 volut
722 3098 908 3165 Latinorum
931 3102 1066 3184 „igitur‘
1090 3107 1122 3165 ct
1144 3105 1287 3166 nostrum
1304 3100 1410 3184 „also“
1435 3101 1567 3163 minima
1589 3119 1682 3182 nego,
1705 3098 1760 3164 sed
1783 3103 1819 3162 ut
1837 3099 2035 3178 Aristoteles,

278 3219 306 3281 si
328 3210 366 3290 hl,
389 3223 495 3304 potins
518 3223 655 3305 scripsit,
679 3220 758 3284 nihil
780 3220 880 3284 ahiud
903 3222 1051 3304 voluerit,
1073 3241 1165 3306 spero
1188 3222 1267 3285 mibi
1288 3221 1477 3304 largiturum
1499 3238 1572 3284 esso
1594 3217 1847 3300 Rassevium,
1874 3221 1901 3282 si
1929 3220 2035 3284 denuo

277 3358 343 3402 rem
365 3343 565 3423 reputaverit
609 3341 726 3406 Contra
747 3363 802 3427 pro
825 3333 863 3411 hi.
886 3347 959 3425 post
980 3337 1034 3403 τὸν
1054 3335 1146 3404 αὐτὸν
1178 3343 1289 3424 utique
1324 3359 1398 3405 cum
1421 3339 1539 3404 Aldina
1568 3338 1800 3405 restituendum
1828 3345 1876 3402 est
1898 3332 1942 3418 bi,
1970 3342 2034 3405 nisi

278 3463 351 3544 quis
374 3461 462 3523 malit
484 3465 556 3524 ante
579 3461 657 3525 haec
679 3461 776 3526 verba
798 3465 939 3527 inserere
962 3463 1021 3540 aut,
1044 3463 1130 3546 qued
1152 3467 1223 3546 pest
1237 3453 1293 3532 κήν
1306 3462 1452 3545 proxime
1467 3459 1659 3524 antecedens
1673 3459 1764 3526 facile
1780 3462 1882 3544 potuit
1896 3462 2034 3527 arridere.

280 3579 505 3644 Verumtamen
529 3587 634 3646 utrmu
656 3573 695 3650 δι’.
718 3604 758 3647 au
782 3575 827 3664 δέ,
850 3575 897 3646 δεῖ
916 3603 957 3647 an
980 3573 1030 3664 δή,
1051 3573 1087 3643 δέ
1109 3601 1148 3646 an
1171 3573 1228 3667 γάρ
1251 3580 1453 3645 scribendum
1478 3583 1529 3662 sit,
1551 3579 1590 3644 da
1611 3580 1662 3644 his
1692 3579 1789 3648 rebus
1816 3585 1848 3643 et
1877 3581 2036 3648 similibus

276 3702 422 3766 codicum
449 3721 548 3766 manu
575 3705 764 3786 scriptorum
797 3723 862 3768 non
884 3704 996 3786 maier,
1017 3722 1114 3788 quam
1143 3701 1200 3766 ubi
1226 3701 1265 3765 de
1294 3700 1458 3786 spiritibus
1480 3705 1512 3765 et
1544 3699 1728 3764 accentibus
1761 3695 1875 3784 agitu'r,
1895 3703 1955 3767 hoc
1987 3707 2036 3768 ast

275 3826 406 3888 ournino
429 3823 518 3887 nulla
540 3829 589 3887 cst
610 3826 789 3888 auctoritas.
833 3823 961 3907 Optime
982 3823 1022 3888 de
1045 3823 1163 3888 talibus
1186 3821 1429 3908 quaestionibus
1451 3840 1555 3904 nuper
1577 3819 1729 3886 disseruit
1750 3819 1961 3908 stuprare).

275 3993 313 4000 -u
532 3990 693 3997 ——.

440 4081 474 4135 8'l
504 4095 531 4149 p.
549 4081 575 4143 4,
594 4081 627 4133 25
645 4097 702 4150 sqq.
720 4072 775 4130 baar
792 4077 820 4131 δι’
836 4077 891 4131 εἰσιν
907 4071 955 4130 ὑπὸ
974 4077 1031 4148 μίαν
1048 4072 1155 4148 δύναμιν,
1173 4072 1221 4129 rial
1238 4069 1304 4143 ἄλλη
1322 4071 1361 4128 ὑπ’
1380 4069 1469 4142 ἄλλην,
1486 4069 1602 4144 καθάπερ
1624 4072 1673 4129 iat
1691 4075 1734 4147 pla
1752 4072 1797 4144 τὴν
1822 4072 1919 4144 ἱππικήν
1935 4077 2034 4147 χαλινο-

272 4162 391 4233 aoqteui,
408 4163 423 4234 ἡ
443 4165 470 4219 ai
487 4161 568 4232 ἱππικὴ
589 4187 611 4218 ιι.
625 4185 646 4218 τ.
659 4166 683 4218 λ.
720 4165 802 4236 Legit
818 4167 905 4236 igitur
921 4167 1004 4221 atium
1024 4167 1154 4236 Aspasiae
1173 4159 1380 4234 χαλινιιιοιητιιή,
1397 4180 1450 4218 noa
1468 4158 1644 4233 χιλιιιοιτοιαή,
1662 4165 1733 4235 quod
1751 4183 1767 4220 a
1783 4166 1840 4221 sola
1857 4183 1896 4238 pr.
1917 4165 1957 4221 Kb
1974 4183 2035 4236 pes·

272 4256 339 4310 sima
357 4260 515 4324 receperunt
533 4254 676 4318 Baikor,
694 4253 888 4318 Ramsanar,
906 4254 1076 4322 Bywater,
1095 4271 1118 4307 v.
1138 4270 1205 4322 quae
1223 4269 1304 4323 supra
1321 4269 1347 4323 p.
1367 4252 1407 4306 tv
1425 4252 1526 4307 manui.

440 4341 486 4410 88)
504 4341 545 4396 De
563 4341 718 4396 Aristotelis
736 4341 842 4398 dicandi
861 4342 974 4406 ratione,
992 4341 1117 4409 Gotting.
1138 4340 1213 4394 1888.
1231 4357 1258 4411 p.
1278 4341 1322 4396 25.

437 4428 482 4493 89)
499 4429 658 4482 Rectissime
679 4429 866 4486 Krischans
892 4429 950 4484 leco
968 4445 1049 4499 supra
1069 4427 1108 4493 (in
1126 4443 1153 4480 n.
1175 4429 1217 4492 ll)
1237 4427 1360 4483 laudato:
1388 4420 1461 4494 „baar
1478 4423 1500 4479 δ’
1521 4427 1638 4496 lrtindigt
1660 4427 1712 4484 den
1729 4428 1793 4484 Sata
1818 4446 1862 4494 an,
1885 4430 1932 4485 der
1950 4430 2034 4486 durch

273 4513 314 4567 dia
333 4514 540 4583 Vargleiohung,
566 4515 664 4570 nelohe
689 4515 752 4572 abar
769 4533 819 4571 von
844 4517 901 4572 ihm
925 4516 1004 4571 nicht
1020 4533 1052 4570 zu
1076 4520 1189 4570 hennon
1207 4514 1253 4579 iat,
1277 4513 1473 4570 unterbrocban
1495 4513 1575 4572 vrirds
1603 4515 1654 4570 mit
1680 4511 1824 4577 ἔνιἰιιιίσαις
1841 4514 1869 4570 δὲ
1898 4516 1963 4571 vird
1987 4517 2035 4572 dar

274 4601 482 4657 unterhroohene
500 4602 635 4668 Gadanlre,
653 4602 700 4658 der
717 4621 771 4658 nun
790 4604 859 4659 anch
878 4603 921 4658 die
940 4603 1143 4672 Vergleiohung
1160 4601 1189 4656 in
1208 4601 1266 4656 sich
1283 4602 1417 4667 schliasst,
1437 4601 1536 4656 wieder
1553 4601 1768 4671 autgommmen,
1786 4621 1816 4658 so
1838 4604 1899 4659 dass
1919 4603 1947 4657 bl
1964 4605 2034 4662 nach

273 4685 297 4739 iv
314 4683 417 4749 άπάσαις
439 4691 486 4743 das
504 4689 676 4745 aiaderholte
697 4695 768 4746 arata
791 4689 818 4743 tl
836 4691 897 4745 ist“.
939 4690 1002 4745 Neu
1018 4691 1106 4744 selum
1123 4689 1151 4742 aa·
1168 4692 1287 4760 repetere
1310 4705 1501 4758 nonnunquam
1525 4704 1591 4759 opus
1618 4693 1669 4754 eat,
1696 4689 1743 4744 aad
1771 4691 1853 4744 etiam
1883 4694 1925 4757 (at
1948 4693 2033 4747 multo

272 4775 377 4847 quidem
396 4779 516 4846 saepius)
531 4777 598 4832 bana
625 4779 796 4849 aprieribus
823 4778 1015 4849 interpretibus
1041 4779 1182 4833 intellecta
1210 4781 1304 4832 contra
1332 4793 1434 4831 errores
1459 4775 1647 4842 recentiorum,
1674 4778 1703 4831 at
1729 4793 1781 4832 non
1809 4776 1896 4832 solum
1925 4778 2033 4848 quidem

273 4863 413 4918 Balrlrari
432 4869 459 4918 et
477 4865 663 4932 Byvvatori,
684 4867 873 4920 verumetiam
892 4866 1248 4930 Bonitziatltassevi,
1267 4881 1292 4920 v.
1311 4882 1337 4919 n
1356 4866 1398 4922 9⁰.

437 4952 484 5016 90)
504 4951 538 5006 Iu
556 4952 624 5008 hius.
641 4953 727 5008 Rhan.
745 4953 847 5008 XLIII.
867 4955 943 5010 1888.
962 4971 987 5025 p.
1006 4954 1066 5018 586,
1084 4955 1131 5024 qui
1149 4969 1288 5024 perperam
1306 4969 1367 5008 curn
1386 4949 1541 5008 Bonitaio
1559 4951 1578 5006 l.
1596 4952 1615 5008 l.
1633 4969 1660 5023 p.
1677 4952 1711 5006 l'l
1729 4951 1850 5022 loquitur
1869 4953 1901 5008 de
1918 4949 1949 5021 δή
1971 4969 2033 5026 par·

271 5041 356 5094 tioula
374 5039 435 5102 „bai
453 5038 500 5092 der
512 5039 686 5110 Auletallnng
697 5040 744 5096 dar
755 5057 804 5096 aua
815 5042 887 5096 einer
900 5040 1044 5096 luduction
1058 5059 1090 5097 au
1102 5040 1246 5096 ziahandan
1259 5041 1393 5095 Summa&
1430 5039 1501 5095 Nam
1513 5039 1565 5094 hoo
1577 5039 1636 5094 loeo
1649 5055 1734 5111 nequa
1746 5056 1851 5096 summa
1869 5042 2034 5101 inductionis

271 5131 312 5180 ast
324 5143 410 5196 nequa
424 5126 532 5180 omnino
544 5125 674 5194 inductio,
687 5127 733 5182 sad
751 5129 808 5184 sins
821 5127 976 5184 inductione
988 5132 1017 5184 et
1028 5127 1265 5194 demonstratione,
1278 5129 1342 5198 qnia
1353 5145 1395 5183 res
1412 5144 1460 5200 par
1474 5144 1503 5183 sa
1515 5127 1588 5183 clara
1604 5129 1655 5192 eat,
1667 5127 1829 5198 simpliciter
1841 5128 1941 5185 dicitur
1952 5132 1981 5187 in
1993 5134 2032 5188 aia

271 5213 382 5277 artibus,
395 5229 462 5282 quae
475 5213 543 5279 aliis,
556 5211 584 5266 id
597 5213 667 5283 qnod
681 5215 809 5286 exemplis
821 5215 982 5279 illustratur,
991 5218 1120 5279 serviunt,
1130 5215 1320 5285 imperantium
1337 5217 1403 5271 tinas
1417 5215 1525 5270 maioris
1537 5231 1594 5270 assa
1607 5215 1735 5270 maurenti
1747 5232 1828 5285 quam
1850 5217 2032 5276 servientium.

438 5303 486 5368 91)
505 5300 641 5356 Kritiasho
659 5301 771 5356 Studien
789 5319 821 5356 m
839 5301 1008 5357 Aristotelea*
1026 5303 1130 5358 nomin
1152 5320 1203 5358 von
1220 5303 1268 5361 dar
1285 5303 1369 5360 Seala.
1405 5303 1443 5358 lL
1466 5301 1616 5359 Laudabat.
1639 5303 1711 5360 taso.
1756 5303 1835 5358 Haud
1858 5309 1931 5360 recta
1948 5307 2033 5376 igitur
