4820 5922
1210 383 1265 461 XI

364 605 439 670 oder
461 602 587 668 ondlieb
610 604 643 664 in
668 600 788 664 Gestalt
803 600 891 662 einer
912 599 1029 683 Frage:
1053 618 1135 680 „was
1151 598 1232 663 habe
1255 599 1319 661 ich
1343 599 1426 662 denn
1443 597 1531 661 nicht
1547 596 1718 678 bewiescn,
1738 596 1806 660 und
1820 615 1886 662 was
1908 597 1962 660 hat
1983 595 2114 660 dieser

362 723 570 788 bewiesen?“
594 721 762 784 Entwodcr
783 720 849 783 also
871 719 1064 804 recapitulirt
1093 739 1166 782 man
1199 722 1232 782 iu
1256 719 1360 782 dieser
1383 717 1489 780 Weisa
1521 718 1631 794 (durch
1656 716 1890 802 Verglcichung
1921 735 1985 779 von
2007 713 2114 779 Punlrt

363 845 413 908 fiir
427 843 552 924 Ponit)
574 842 650 905 oder
673 841 752 904 nach
775 840 846 902 dem
871 839 1068 902 uatiirlichon
1093 839 1202 921 Gange
1218 858 1264 919 so,
1287 839 1346 899 wie
1367 835 1417 900 die
1435 835 1546 902 Rcdon
1562 839 1708 922 gelralten
1726 838 1870 902 wurden:
1892 855 1967 900 man
1982 835 2114 900 wieder-

364 965 430 1029 holt
450 967 556 1027 zuerst
577 960 783 1026 summariseb
807 961 896 1022 scine
918 978 1018 1042 ganzo
1041 960 1133 1040 cigne
1155 957 1513 1040 Ausoinandcrsetzung
1532 957 1597 1022 und
1613 957 1697 1022 dann
1720 959 1903 1035 wiederum,
1922 975 2017 1020 wenn
2039 975 2114 1021 man

366 1083 439 1165 will,
460 1082 630 1166 gesundert
651 1081 703 1142 dic
727 1080 782 1142 dor
803 1079 1032 1162 gegn'crischcn
1056 1074 1174 1138 Redd‘.
1228 1075 1262 1140 Si
1292 1080 1397 1140 antem
1420 1075 1639 1142 Thurotum
1661 1080 1697 1144 in
1718 1078 1963 1164 transponendis
1994 1071 2037 1158 [a]
2070 1069 2110 1161 pi·

364 1192 553 1288 καταντικρύ,
576 1194 657 1262 ἀλλὰ
678 1199 784 1262 verbis
807 1201 898 1282 sequi
921 1197 1081 1281 mavultis,
1108 1199 1357 1290 commilitones,
1390 1214 1449 1279 ego
1478 1219 1543 1263 non
1565 1201 1740 1265 intercedo:
1774 1204 1842 1262 turn
1873 1197 1996 1262 habetis
2025 1197 2115 1262 haec:

363 1322 514 1409 λέγεται.
539 1369 545 1382 .
568 1368 574 1381 .
597 1315 690 1406 ἄμφω
712 1317 800 1396 εἷπον,
822 1307 908 1391 οὗτος
927 1314 980 1404 μὲν
1003 1369 1008 1380 .
1036 1366 1071 1384 ..
1094 1308 1219 1398 ἔδειξενς
1242 1313 1261 1386 ἢ
1284 1309 1321 1387 δὴ
1345 1313 1441 1392 οὕτως
1463 1315 1507 1404 [ἢ]
1520 1319 1556 1404 ²⁸)
1579 1323 1614 1383 ἐκ
1628 1323 1799 1408 παραβολῆς
1818 1314 1837 1388 ἦ
1861 1313 1902 1403 μὴ
1925 1321 2114 1403 καταντικρὺ,

365 1437 446 1504 ἀλλὰ
468 1435 549 1504 κατὰ
571 1431 656 1526 φύσιν
684 1489 718 1502 ..
742 1491 748 1502 .
771 1431 878 1524 λόγωι
904 1437 1019 1520 „Diese
1041 1437 1296 1522 Rccapitulation
1318 1438 1394 1501 wird
1416 1443 1623 1526 vorgetragen
1645 1441 1762 1506 mittcls
1785 1436 2116 1523 Geganiiborstellung

366 1564 421 1628 der
442 1560 598 1648 Angabcn
622 1560 678 1624 des
702 1559 855 1643 Gegners,
889 1558 995 1622 indern
1016 1580 1088 1624 rnen
1113 1560 1222 1642 Alles,
1244 1578 1309 1622 iras
1331 1558 1431 1624 Beido
1453 1565 1566 1646 gosagt
1584 1561 1698 1646 haben,
1721 1559 1824 1624 neben
1848 1557 2000 1624 einander
2022 1555 2118 1638 stelit,

366 1703 391 1746 a.
415 1682 451 1746 B.
476 1683 580 1746 dieser
602 1701 631 1744 n.
650 1699 675 1743 s.
691 1699 729 1742 u.
774 1679 944 1742 Entweder
965 1679 1032 1743 also
1054 1679 1249 1762 recapitnlirt
1270 1699 1344 1743 nran
1362 1681 1396 1744 in
1419 1679 1523 1746 dieser
1545 1681 1654 1746 Weiss
1673 1681 1772 1746 durch
1787 1677 2116 1764 Gegenuberstellung

367 1804 443 1868 oder
465 1803 551 1867 nicht
572 1803 616 1866 im
633 1802 809 1884 Gegensala
831 1821 895 1864 von
917 1798 1025 1864 Punlrt
1046 1800 1097 1864 fiir
1116 1799 1232 1882 Punlrt,
1256 1801 1393 1864 sondern
1417 1800 1496 1864 nach
1519 1801 1592 1866 dem
1615 1802 1815 1868 nathrlichen
1837 1799 1947 1884 Gange
1971 1820 2002 1864 u.
2015 1817 2039 1862 s.
2054 1798 2112 1862 w.“

535 1921 685 2008 Superest
707 1924 742 1986 ut
764 1922 998 2001 examinemus,
1022 1940 1083 2004 qua
1102 1922 1223 1984 ratione
1245 1922 1285 2002 is,
1315 1922 1371 2004 qui
1400 1921 1455 1984 has
1477 1919 1717 2006 disquisitiones
1739 1941 1813 1986 curn
1834 1923 1978 2004 ipsorum
1998 1917 2115 1984 Rheto-

367 2045 503 2108 ricorum
526 2039 651 2106 duobus
674 2040 763 2104 libris
786 2040 946 2125 copulavit
976 2074 1016 2086 ··
1048 2039 1179 2104 barbara
1209 2058 1287 2104 voco
1319 2039 1482 2124 brevitatis
1507 2044 1607 2126 gratia
1634 2045 1828 2110 redactorem
1850 2060 1925 2106 eum
1951 2040 2115 2105 nominare

366 2165 459 2228 liceat
482 2169 625 2248 „propter
646 2167 819 2248 egestatem
841 2161 990 2245 linguae“
1006 2197 1046 2207 -
1062 2160 1099 2224 ad
1123 2160 1181 2223 boc
1202 2160 1432 2244 perficiendum
1448 2180 1526 2225 usus
1549 2165 1599 2246 tit,
1621 2184 1695 2230 cnm
1717 2165 1807 2229 aliter
1820 2161 1858 2226 de
1879 2161 1938 2224 hac
1958 2178 1993 2224 re
2015 2177 2116 2244 nuper

366 2287 553 2352 iudicaverit
574 2284 685 2368 Hugo
707 2281 925 2364 Rabeusr),
961 2286 1055 2366 atque
1085 2281 1257 2346 iudicatum
1282 2284 1331 2344 ost
1352 2279 1462 2344 adbuc.
1507 2283 1678 2350 Existimat
1698 2287 1784 2352 enim
1808 2283 1847 2348 ab
1871 2282 1930 2346 hoe
1956 2280 2115 2344 redactura

366 2408 486 2472 adiecta
509 2425 580 2470 osse
604 2424 685 2488 quae
707 2405 845 2488 legimus
870 2403 967 2466 1403¹³
991 2401 1105 2466 6-15
1130 2392 1234 2469 ἐπειδιδί
1263 2400 1330 2486 τρία
1351 2401 1430 2462 ἐστὶν
1450 2399 1470 2462 ἂ
1496 2394 1543 2466 δεῖ
1562 2409 1829 2492 πραγματευθῆναι
1851 2403 1914 2488 περὶ
1934 2405 1990 2464 τοῦ
2011 2390 2114 2486 λόγου,

367 2531 396 2591 ἓν
419 2526 472 2614 μὲν
494 2528 529 2588 ἐκ
550 2525 637 2587 τίνων
658 2531 688 2587 αἱ
709 2525 821 2598 πίστεις
842 2527 967 2602 ἔσονται,
990 2513 1128 2607 δεύτερον
1155 2513 1189 2582 δὲ
1217 2521 1280 2606 περὶ
1301 2513 1357 2591 τόν
1377 2511 1470 2601 λέξιν,
1505 2523 1604 2608 τρίτον
1636 2517 1672 2588 δὲ
1698 2531 1763 2600 πῶς
1789 2519 1845 2611 χριδ
1872 2512 1962 2596 τάξαι
1983 2514 2116 2606 τὰμέρη

365 2639 546 2732 τοῦλόγου,
577 2647 640 2733 περὶ
660 2643 714 2731 μὲν
734 2648 797 2706 τῶν
818 2643 946 2706 πίστεων
966 2646 1087 2729 εἴρηται,
1120 2644 1169 2704 καὶ
1192 2642 1227 2702 ἐκ
1244 2631 1358 2721 πόσων,
1387 2639 1436 2704 ὅτι
1457 2642 1492 2704 ἐκ
1523 2648 1613 2732 τριῶν
1640 2651 1702 2726 εἰσι,
1733 2647 1783 2708 καὶ
1818 2648 1919 2706 ταυτα
1952 2652 2031 2722 ποῖα,
2066 2641 2117 2702 καὶ

366 2763 466 2834 διὰτί
483 2771 620 2832 τοσαῦτα
641 2756 717 2852 μόνα
744 2761 773 2846 (ἦ
799 2757 855 2850 γὰρ
881 2767 927 2844 τῷ
950 2760 1038 2826 αὐτοί
1070 2784 1105 2826 τε
1131 2760 1311 2824 πεπονθέναι
1333 2767 1359 2824 oi
1387 2762 1538 2848 κρίνοντες,
1560 2759 1580 2834 ἦ
1602 2769 1648 2846 τῷ
1671 2757 1775 2840 noted:
1796 2789 1877 2839 τινας
1898 2752 2117 2846 ὑπολαμβάνειν

365 2889 436 2969 τοὺς
454 2881 644 2977 λέγοντας,ἦ
666 2889 711 2966 τῷ
735 2875 952 2970 ἀποδεδεῖχθαι
965 2882 1122 2946 πείθονται
1137 2873 1268 2964 πάντες),
1290 2885 1401 2968 εἴρηται
1424 2931 1430 2943 .
1454 2931 1460 2944 .
1483 2931 1489 2946 .
1511 2874 1607 2947 τόποι·
1630 2889 1693 2974 περὶ
1713 2881 1748 2950 δὲ
1768 2890 1822 2962 τῆς
1842 2876 1954 2959 λέξεως
1974 2873 2116 2970 ἐχόμενόν

367 3017 447 3078 ἐστιν
468 3018 564 3084 εἰπεῖν,
591 3013 627 3072 ut
647 3006 834 3071 Aristoteles
858 3008 926 3088 ipse
960 3006 1006 3068 sic
1036 3004 1120 3068 lere
1152 3004 1258 3087 potins
1279 3002 1449 3086 inceperit:
1485 3001 1539 3065 oda
1561 3007 1629 3088 (pro
1647 3006 1681 3070 ab
1703 3003 1772 3094 γὰρ)
1795 2997 1911 3092 ἀπόχρη
1933 2999 1970 3068 τὸ
1996 3001 2116 3090 ὲχεινᾶ

367 3126 414 3197 δεῖ
431 3131 537 3216 λέγειν,
571 3124 635 3191 ἀλλ’
663 3117 778 3212 ἀνάγαη
811 3126 860 3187 καὶ
891 3129 991 3188 ταῦτα
1025 3116 1066 3196 ὡς
1097 3119 1143 3184 δεῖ
1163 3127 1258 3202 εἰπεῖν,
1291 3125 1341 3186 καὶ
1374 3114 1579 3208 ωιμβάλλεται
1600 3122 1792 3215 πολλοὶπρὸς
1812 3121 1848 3190 τὸ
1877 3130 2002 3212 φανῆναι
2029 3116 2115 3188 ποιόν

367 3275 434 3315 τινα
455 3245 509 3314 τὸν
531 3241 631 3334 λόγον,
663 3269 693 3310 ι’.
719 3249 801 3310 15·-
815 3249 853 3310 18
882 3253 925 3328 (at
958 3246 1030 3330 quis
1061 3244 1152 3308 facile
1174 3241 1280 3307 credet
1300 3248 1362 3308 tam
1386 3243 1517 3328 abrupto
1539 3266 1613 3310 enm
1635 3268 1732 3314 usum
1755 3267 1827 3312 esse
1848 3245 2024 3330 exordioll,
2053 3266 2114 3311 nee

367 3393 431 3437 non
453 3373 542 3457 putat
562 3388 643 3454 quae
668 3367 715 3432 13.
743 3367 836 3432 11141
864 3367 904 3428 28
927 3385 972 3449 sq.
1007 3366 1175 3428 transitum
1207 3367 1318 3446 parant
1349 3362 1386 3426 ab
1420 3364 1599 3432 elocutione
1622 3370 1661 3434 ad
1684 3371 1935 3453 dispositionem,
1966 3368 2030 3454 περὶ
2061 3365 2115 3452 μὲν

367 3485 418 3556 οὖν
439 3496 495 3564 τῆς
511 3481 623 3564 λέξεως
642 3493 754 3578 εἴρηται
776 3536 782 3549 .
808 3537 814 3550 .
838 3535 845 3548 .
867 3481 971 3548 λοιπὸν
992 3477 1027 3546 δὲ
1043 3487 1107 3572 περὶ
1137 3475 1254 3558 τάξεως
1282 3489 1378 3564 εἰπεῖν,
1401 3485 1544 3552 eiusdem
1567 3489 1695 3554 demum
1716 3490 1885 3554 redactoris
1908 3507 1979 3553 esse
1995 3487 2114 3553 addita-

365 3617 527 3678 mentum:
549 3611 641 3696 plane
664 3612 750 3672 enirn
773 3615 932 3694 separatas
955 3625 1026 3671 esse
1049 3606 1178 3692 abipso
1211 3605 1383 3670 Aristotele
1407 3605 1446 3668 de
1466 3608 1521 3674 illa
1544 3613 1575 3674 et
1596 3610 1635 3674 de
1657 3611 1716 3675 hac
1738 3610 2028 3675 commentationes.
2073 3610 2116 3671 At

364 3733 474 3798 doctus
498 3735 625 3796 iuvenis
648 3733 733 3796 viam
757 3730 818 3794 sibi
841 3731 911 3812 ipse
933 3728 1104 3814 praeclusit
1124 3732 1259 3812 rectam,
1286 3749 1359 3793 cunr
1386 3729 1555 3794 verborum
1582 3731 1837 3797 antecedentium
1869 3728 1964 3794 1403·
1986 3726 2113 3791 34-122

364 3856 427 3917 tart
448 3847 483 3916 δὲ
505 3845 542 3922 δὴ
564 3853 630 3939 τρία
652 3852 732 3914 ἐστίν
753 3847 773 3912 ἂ
795 3841 843 3914 δεῖ
860 3853 1128 3936 πραγματευθῆναι
1153 3851 1216 3935 περὶ
1242 3844 1295 3911 τὸν
1322 3840 1421 3935 λόγον,
1450 3847 1519 3938 ὑπὲρ
1546 3850 1599 3938 μὲν
1625 3843 1877 3941 παραδειγμάτων
1907 3850 1956 3912 καὶ
1985 3853 2114 3934 γνωμῶν

363 3978 413 4038 καὶ
434 3964 656 4060 ἐνθυμημάτων
677 3974 727 4034 καὶ
747 3969 826 4044 ὅλως
845 3973 907 4032 τῶν
927 3971 993 4056 περὶ
1012 3962 1068 4038 τὴν
1083 3958 1221 4046 διάνοιαν,
1243 3965 1316 4032 ὅθεν
1330 3991 1365 4031 τε
1380 3960 1579 4057 εὐπορήσομεν
1594 3974 1644 4035 καὶ
1659 3967 1699 4048 ὡς
1720 3967 1799 4036 αὐτὰ
1819 3962 1956 4056 λύσομεν,
1981 3961 2113 4057 εἰρήσθω

362 4090 429 4181 ἡμῖν
450 4099 600 4157 τοσαῦτα·
622 4085 727 4156 λοιπὸν
748 4081 783 4152 δὲ
805 4082 937 4153 διελθεῖν
958 4090 1021 4175 περὶ
1043 4079 1154 4162 λέξεως
1174 4089 1225 4150 καὶ
1244 4080 1360 4163 τάξεως
1382 4091 1537 4156 rationem
1558 4091 1686 4164 heberet
1709 4093 1828 4158 nullam
1840 4093 1887 4175 ³⁰).
1923 4090 1971 4155 Dc
1995 4091 2112 4176 quibus

362 4214 611 4297 Vahlenus³¹l
634 4211 731 4276 verba
753 4212 827 4276 fecit
848 4211 943 4275 haec:
966 4207 1083 4294 „Diesc
1105 4208 1200 4274 Stella
1222 4209 1273 4292 ist,
1297 4229 1361 4274 was
1382 4210 1510 4296 Anfang
1533 4213 1598 4276 und
1621 4213 1751 4278 Scblnss
1774 4212 1901 4296 betrifft,
1932 4212 2019 4276 nicht
2040 4213 2112 4278 Ari·

363 4415 777 4428 nnn-n———n-—m———m

529 4503 578 4571 28)
597 4497 614 4568 ἢ
635 4503 729 4571 utique
747 4497 888 4555 delendum
907 4515 964 4552 esso
982 4499 1043 4553 inde
1061 4515 1077 4552 a
1095 4499 1200 4552 Victori
1217 4499 1380 4569 temporibus
1399 4501 1470 4555 inter
1488 4515 1577 4556 omnes
1596 4505 1710 4555 constat.

525 4593 568 4654 29)
587 4589 627 4644 De
646 4589 825 4658 Theophrasti
843 4587 918 4642 libris
936 4587 987 4656 περ1
1006 4586 1104 4653 λέξεως,
1122 4588 1207 4641 Βουιι.
1229 4587 1302 4640 1890.
1322 4605 1347 4656 p.
1366 4587 1477 4642 31-34.

527 4677 571 4743 30)
591 4675 690 4732 Scribit
708 4677 777 4728 eninr
797 4675 828 4728 de
847 4677 884 4728 eis
903 4675 968 4728 haec
986 4675 1043 4728 sola
1061 4677 1099 4744 (p.
1119 4675 1161 4728 32.
1180 4692 1206 4728 n.
1228 4675 1266 4740 l):
1296 4673 1467 4739 „transitum
1492 4677 1537 4746 qui
1556 4679 1597 4730 est
1624 4676 1703 4729 troas
1727 4674 1855 4740 34-122,
1874 4691 1927 4728 non
1945 4674 2033 4728 tribuo
2056 4677 2110 4730 hn-

361 4769 495 4822 dronico“.
531 4765 583 4819 Sed
601 4765 673 4818 bunc
690 4763 834 4816 transitum
854 4763 955 4816 facturn
975 4779 1031 4815 esso
1051 4763 1083 4816 ad
1102 4763 1213 4816 tertium
1232 4762 1328 4816 librum
1347 4763 1520 4830 alligandum,
1548 4763 1607 4826 hoc,
1631 4763 1732 4832 opinor,
1763 4762 1845 4815 etiam
1862 4759 1992 4816 Rabaus
2011 4779 2110 4830 naqua-

362 4873 442 4926 quam
460 4853 584 4922 negabit:
613 4869 676 4919 ergo
694 4853 717 4904 ai
735 4851 902 4904 Andronicus
921 4853 1014 4905 auctor
1032 4854 1090 4904 erat
1108 4851 1245 4918 alligandi,
1273 4855 1367 4904 auctor
1394 4855 1454 4905 erat
1482 4851 1563 4904 etiarn
1590 4851 1669 4904 huius
1689 4850 1828 4904 transitus.
1871 4847 2017 4918 Postquam
2037 4851 2108 4902 onim

361 4945 414 4996 iarn
432 4941 559 5009 alligatus
578 4939 680 4993 estille
698 4937 773 5002 libor,
801 4953 853 4990 non
872 4936 925 4988 ianr
944 4953 1009 5005 opus
1028 4941 1086 4990 orat
1104 4937 1157 4990 ullo
1176 4937 1289 5002 viraculo,
1318 4944 1344 4992 et
1363 4955 1439 4992 namo
1467 4941 1523 4990 tam
1552 4937 1651 4991 stultns
1677 4953 1733 4990 esso
1750 4937 1848 5005 potuit,
1878 4941 1908 4989 ut
1934 4935 2108 4990 nihilominus

361 5029 415 5083 tale
435 5026 498 5097 qnid
516 5026 641 5086 adiceret,
660 5028 708 5078 aut
726 5025 749 5078 ai
767 5027 823 5078 tarn
841 5023 941 5076 stultns
960 5027 1025 5088 orat,
1044 5025 1088 5076 vix
1108 5023 1196 5093 potnit
1215 5025 1254 5076 ita
1281 5023 1314 5078 ab
1333 5024 1454 5080 ominbus
1472 5023 1578 5094 probari
1605 5024 1725 5094 ineptum
1755 5023 1811 5077 eius
1829 5021 2050 5088 additamentum,
2077 5027 2109 5076 ut

361 5115 454 5170 statim
472 5113 501 5167 in
519 5129 608 5167 ornnes
626 5112 729 5166 codices
746 5111 915 5180 reciperetur.

527 5199 574 5268 31)
595 5200 647 5253 Zur
665 5199 754 5252 Kritik
772 5197 992 5252 Aristotallschor
1010 5199 1145 5252 Sobrilton
1163 5197 1256 5264 (anet.
1278 5217 1302 5254 u.
1321 5198 1420 5270 Post),
1440 5197 1552 5254 vindob.
1572 5199 1646 5254 1861.
1666 5217 1692 5272 p.
1712 5199 1744 5253 lb
1762 5215 1802 5272 sq.
1816 5220 1850 5240 --
1865 5195 2044 5268 Sitzungsber.
2063 5195 2109 5252 dor

361 5289 505 5364 phil-hist.
524 5287 564 5342 cl.
584 5287 630 5340 dar
647 5285 755 5341 Wiener
772 5283 857 5340 nial.
875 5283 1026 5342 xxxvnr.
1046 5301 1070 5354 p.
1091 5285 1139 5339 131
1159 5301 1197 5356 sq.
