4850 5918
361 503 488 618 τοιαύτη
511 518 603 614 ἐστίν,
636 527 678 608 ὡς
704 532 758 595 καί
782 525 810 595 οἱ
839 529 987 615 πρότερον
1017 531 1088 606 τοὺς
1118 528 1264 613 ὑστέρους
1289 530 1392 593 αὐτῶν
1416 529 1513 612 ᾤοντο
1536 525 1702 612 ύποκριτοίς
1726 521 1781 610 (ὡς
1805 519 1874 592 λίαν
1896 519 1956 614 γὰρ
1980 528 2070 614 ὑπερ·

362 657 518 743 βάλλοντα
547 653 686 742 πίθηκον
716 658 733 721 ὁ
761 656 933 732 Μυννίσκος
964 659 1018 720 τὸν
1050 653 1267 738 Καλλιππίδην
1302 653 1561 737 έκοὶλει·τοιαύτη
1594 654 1628 717 δέ
1651 653 1727 732 δύξα
1748 656 1801 717 καί
1824 655 1893 737 περί
1916 653 2070 739 Πινδάρου

360 781 481 868 ήν)·ὡς
504 778 532 846 δ’
555 780 672 864 (immo
688 779 739 866 δή)
764 780 847 846 ούιοι
870 783 977 866 ἔχουσι
992 783 1068 867 πρὸς
1092 781 1213 862 αύτούς,
1236 781 1258 865 ή
1280 779 1338 862 ὅλη
1361 778 1455 863 τέχνη
1478 780 1554 862 πρὸς
1577 781 1633 862 τήν
1657 778 1817 844 ἐποποιίαν
1840 781 1990 865 έχει·τήν
2015 781 2069 864 μὲν

361 906 415 974 ούν
438 911 514 994 πρὸς
536 909 655 984 θεατὰς
672 909 814 985 ἐπιεικεῖς
830 929 922 991 φασιν
938 906 1024 988 εἶναι,
1055 902 1116 990 (οἳ)
1146 907 1235 970 οὐδὲν
1255 903 1374 970 δέονται
1396 913 1458 968 τῶν
1482 905 1662 990 σχημάτων,
1685 907 1742 989 τήν
1765 907 1799 969 δὲ
1821 909 1971 992 τραγικήν
1993 909 2070 992 πρδς

361 1032 507 1119 φαύλους
536 1035 562 1099 εἰ
585 1034 640 1098 ούν
655 1034 797 1120 φορτική,
821 1034 933 1120 χείρων
949 1033 1042 1118 δῆλον
1059 1035 1104 1098 ὅτι
1120 1035 1158 1098 ἂν
1181 1034 1228 1116 είη
1245 1031 1331 1093 inter
1346 1027 1415 1096 λίαν
1436 1045 1471 1092 et
1486 1027 1580 1114 δῆλον
1603 1029 1804 1093 inseruimus
1828 1031 1871 1113 δὲ,
1897 1046 1932 1094 ut
1954 1047 2069 1094 essent

289 1202 294 1213 ·
361 1157 615 1243 λίαν-φορτική
639 1157 739 1221 tertia
763 1156 913 1239 protasis
946 1171 980 1219 et
1011 1158 1111 1241 ήμὲν
1142 1153 1195 1220 ούν
1225 1155 1511 1242 τραγῳδία-πρὸς
1543 1155 1681 1238 φαύλους
1713 1155 1744 1217 in
1777 1170 1922 1236 quartae
1954 1155 2067 1220 locum

360 1283 556 1361 substituta,
590 1298 623 1346 et
647 1282 814 1365 apodosis
838 1281 964 1345 ultimis
997 1281 1133 1344 demum
1166 1281 1282 1344 verbis
1305 1283 1332 1346 εἰ
1355 1278 1510 1364 ούν--είη
1534 1281 1590 1344 vel
1615 1281 1731 1363 potius
1754 1279 1967 1368 χείρων-εἴη
1992 1303 2069 1346 con·

360 1409 534 1473 tineretur.
576 1408 698 1490 Neque
721 1407 961 1483 Vahlenum,
987 1407 1050 1470 etsi
1067 1422 1192 1489 postea
1208 1405 1294 1468 hanc
1310 1403 1511 1488 particulam
1536 1426 1653 1470 rursus
1677 1407 1928 1485 exterminavit,
1953 1408 2069 1490 poeni-

359 1536 423 1598 tuit
447 1535 546 1598 huius
571 1531 845 1616 coniecturae14),
877 1547 996 1596 contra
1030 1551 1098 1616 ego
1132 1553 1218 1596 nunc
1250 1531 1348 1594 aliter
1380 1532 1500 1595 sentio.
1556 1533 1663 1596 Recte
1697 1533 1854 1615 profecto
1885 1533 2068 1598 iudicasset

362 1659 566 1724 Vahlenus
590 1679 749 1724 essenon
766 1679 872 1742 posse
896 1659 1040 1721 duarum
1061 1672 1248 1740 protaseon
1273 1657 1390 1721 harum
1415 1660 1442 1722 εί
1464 1657 1708 1744 γὰρ-βελτίων
1733 1675 1767 1721 et
1789 1660 1916 1746 τοιαύτη
1939 1656 2069 1724 δ’-ἀεί

359 1786 425 1848 iarn
448 1785 703 1872 λίαν-φορτική
727 1783 907 1868 apodosin,
931 1783 960 1846 si
980 1783 1098 1848 addita
1115 1802 1182 1845 non
1206 1797 1297 1845 esset
1321 1783 1533 1847 confirmatio
1558 1783 1600 1862 ὡς
1622 1785 1886 1870 γὰρ-αύλιῖισινι
1910 1784 1959 1850 sic
1982 1806 2067 1850 vero

359 1931 435 1974 cum
460 1910 546 1974 haec
570 1911 690 1974 tertiae
713 1925 898 1992 protaseos
921 1908 997 1972 vice
1021 1908 1182 1993 fungatur
1206 1925 1239 1972 et
1263 1929 1326 1972 non
1351 1910 1526 1992 expressis
1551 1911 1688 1993 quidem
1713 1912 1839 1990 verbis,
1864 1913 1926 1976 sed
1951 1911 2068 1976 nihilo·

359 2036 468 2100 minus
491 2036 574 2100 satis
598 2035 780 2119 perspicue
811 2036 1022 2098 demonstret
1051 2032 1272 2099 imitationem
1303 2035 1415 2099 omnia
1442 2035 1626 2099 imitantem
1652 2037 1696 2100 ad
1721 2037 1911 2101 deteriores
1933 2052 2068 2120 specta·

359 2179 453 2227 tores
477 2164 659 2245 quadrare,
684 2163 842 2245 quoniam
859 2163 1050 2228 deteriores
1066 2163 1137 2226 sine
1153 2163 1261 2226 dubio
1284 2161 1361 2226 sunt
1385 2162 1444 2244 qui
1468 2161 1515 2226 ita
1538 2183 1577 2224 se
1600 2161 1738 2225 tractari
1763 2162 1944 2244 patiantur,
1969 2163 2067 2245 quasi

359 2287 437 2352 nihil
473 2287 671 2372 perspicere
707 2305 834 2371 queant
870 2288 931 2352 nisi
967 2309 1057 2372 quae
1091 2289 1167 2372 ipse
1200 2289 1306 2352 addat
1339 2303 1446 2364 actor,
1481 2287 1592 2350 omnia
1625 2287 1756 2370 optime
1788 2287 1837 2351 sic
1861 2288 2066 2370 procedunt:

362 2412 394 2497 ι)
416 2414 525 2478 minus
547 2415 642 2479 rudis
665 2414 809 2478 imitatio
833 2413 952 2477 melior
976 2431 1038 2492 est,
1072 2413 1106 2496 a)
1131 2415 1238 2478 minus
1270 2413 1365 2478 rudis
1397 2433 1535 2496 semper
1566 2434 1607 2476 ea
1641 2428 1703 2491 est,
1737 2433 1827 2495 quae
1851 2415 1997 2496 quadrat
2021 2415 2066 2478 ad

359 2537 517 2602 meliores
532 2553 758 2621 spectatores,
784 2537 820 2622 3)
842 2539 886 2602 ad
903 2538 1063 2604 meliores
1079 2555 1295 2623 spectatores
1316 2539 1464 2621 quadrat
1488 2559 1539 2616 ea,
1564 2559 1654 2620 quae
1678 2558 1743 2602 non
1767 2539 1880 2602 omnia
1904 2539 2066 2604 imitatur:

359 2683 445 2748 ergo
468 2664 582 2728 omnia
613 2663 746 2729 imitans
778 2665 872 2729 rudis
904 2663 1065 2748 (eamque
1095 2666 1142 2728 ob
1166 2685 1304 2730 causam
1329 2664 1493 2748 deterior)
1517 2679 1579 2728 est.
1626 2663 1727 2728 Tunc
1751 2665 1886 2728 demum
1911 2665 2067 2748 sequitur

358 2788 532 2854 conclusio
556 2789 743 2874 applicata:
775 2789 956 2874 tragoedia
980 2791 1007 2854 si
1032 2811 1108 2854 cunt
1134 2791 1308 2874 epopoeia
1331 2806 1561 2873 comparatur,
1586 2791 1699 2854 onmia
1723 2807 1775 2854 est
1798 2791 1931 2855 imitans
1955 2788 1988 2876 (ή
2011 2793 2067 2876 μέν

358 2913 411 2980 ούν
433 2915 805 3002 τραγῳδία-ἐποποιίαν
827 2913 916 3002 έχει),
951 2935 1038 3000 ergo
1069 2917 1114 2979 ad
1145 2915 1336 2979 deteriores
1365 2937 1404 2980 se
1427 2915 1529 2979 vertit
1553 2931 1770 2997 spectatores
1794 2913 1861 3002 (τὴν
1885 2917 1941 3002 μὲν
1963 2917 2066 2982 ούν-

358 3038 517 3124 φαύλους),
552 3061 638 3125 ergo
671 3041 789 3104 rudior
823 3040 905 3124 (non
936 3040 1019 3104 satis
1051 3056 1213 3104 accurate
1242 3041 1323 3104 dicit
1346 3039 1569 3106 Aristoteles:
1608 3041 1757 3118 ,rudis“:
1782 3043 1809 3106 el
1831 3039 1885 3106 ούν
1909 3040 2065 3128 φορτική),

357 3186 444 3250 ergo
461 3166 610 3230 deterior
627 3183 678 3230 est
695 3164 944 3254 (χείρων-εἰη).
968 3168 1036 3231 lam
1054 3167 1159 3252 igitur
1174 3167 1338 3230 dilabitur
1354 3167 1455 3230 etiam
1472 3167 1623 3230 Christi
1646 3168 1797 3250 suspicio
1821 3169 2065 3254 λίαν-φορτική

357 3308 480 3374 postea
503 3292 534 3355 in
558 3292 710 3376 margine
734 3293 869 3356 adiecta
893 3313 970 3357 esse
994 3293 1197 3370 conicientis,
1224 3309 1387 3375 recteque
1418 3293 1585 3357 intellexit
1602 3293 1811 3358 Vahlenus
1834 3294 1959 3379 τοιαύτη
1983 3309 2065 3376 post

355 3417 454 3504 ἡμὲν
476 3415 530 3484 ούν
553 3421 711 3504 τραγῳδία
733 3419 883 3502 positum
912 3419 1002 3483 idem
1026 3440 1102 3484 esse
1125 3436 1230 3502 atque
1252 3421 1354 3486 πάντα
1377 3418 1556 3504 μιμουμένη,
1588 3438 1654 3482 nnn
1679 3418 1769 3481 idem
1794 3435 1898 3500 atque
1922 3419 2063 3504 φορτική,

356 3543 390 3606 id
415 3544 509 3625 quod
543 3564 726 3626 perperam
760 3560 858 3628 putat
889 3544 1214 3629 Gomperziusll),
1251 3565 1399 3626 eumque
1434 3545 1545 3628 ipsum
1581 3545 1611 3606 in
1647 3543 1745 3606 finem
1779 3543 2008 3628 philosophus
2031 3545 2063 3607 in

355 3668 612 3732 ratiocinatione
645 3670 874 3752 praecedente
907 3670 1194 3735 confirmationem
1227 3670 1318 3734 illam
1344 3672 1385 3748 ὡς
1409 3671 1704 3756 γὰρ-αύλῶσινε
1737 3670 1858 3733 tertiae
1881 3686 2064 3752 protaseos

355 3792 435 3858 loco
459 3795 611 3858 detraxit
634 3810 668 3858 et
691 3811 773 3878 post
789 3795 959 3879 apodosin
977 3795 1171 3875 collocavit,
1196 3797 1367 3861 utstatim
1392 3795 1422 3860 ei
1445 3795 1586 3858 liberius
1609 3795 1842 3859 conformatae
1866 3797 2063 3860 adnecteret

356 3919 454 3982 haec:
478 3921 498 4006 ή
522 3923 577 4004 μὲν
600 3917 654 3986 ούν
676 3922 834 4007 τραγῳδία
857 3923 921 3987 ἐστί
943 3921 1070 4008 τοιαύτη
1093 3947 1124 3988 κ.
1148 3943 1175 3986 τ.
1199 3925 1228 3989 λ.
1263 3922 1424 3986 Ceterum
1453 3923 1541 3985 idem
1567 3921 1835 4005 Gomperzius
1864 3942 1929 4004 pro
1951 3923 2064 4000 αύτούς

355 4043 473 4129 legere
497 4046 628 4110 mavult
651 4047 772 4124 αύτούς,
804 4062 841 4110 ιιι
873 4047 932 4136 diu
964 4063 1043 4111 ante
1075 4070 1150 4113 eum
1175 4049 1276 4112 God.
1301 4049 1566 4127 Hermannus,
1600 4064 1634 4111 at
1668 4067 1723 4111 res
1747 4047 1932 4112 admodum
1958 4047 2062 4132 dubia

355 4186 418 4236 est.
456 4171 692 4255 Expectamus
709 4173 846 4256 quidem
863 4175 998 4251 ἐκείνους
1023 4194 1088 4256 pro
1108 4176 1230 4258 αύτούς,
1255 4190 1488 4238 verumtamen
1513 4195 1588 4238 cum
1614 4174 1800 4258 praecedat
1823 4177 1893 4250 τοὺς
1918 4173 2063 4260 ὑστέρους

355 4299 491 4380 αὐτῶν,
515 4297 616 4361 etiam
641 4297 751 4375 αύτούς
774 4317 840 4360 non
860 4314 913 4362 est
930 4300 1205 4382 vituperandum,
1229 4314 1263 4361 et
1287 4299 1434 4364 fortasse
1457 4299 1504 4362 ita
1527 4315 1578 4363 est
1599 4298 1853 4382 explicandum,
1878 4315 1914 4362 ut
1939 4316 2063 4384 pergat

354 4421 502 4506 scriptor
525 4445 545 4484 e
569 4439 681 4486 mente
712 4422 938 4506 antiquiorum
972 4424 1172 4490 histrionum
1204 4427 1413 4510 tragicorum
1448 4424 1554 4508 loqui,
1589 4425 1779 4509 meliusque
1810 4446 1892 4489 sane
1924 4423 2061 4488 dicitur:

356 4564 391 4611 ut
424 4547 635 4631 posteriores
670 4547 805 4611 illorum
838 4549 883 4612 ad
917 4549 1050 4632 priores
1085 4550 1119 4636 (e
1144 4551 1297 4634 priorum
1330 4550 1468 4632 iudicio)
1503 4573 1542 4615 se
1565 4551 1703 4630 habent,
1738 4553 1785 4617 ita
1820 4551 1994 4635 epopoeia
2017 4552 2062 4614 ad

354 4673 580 4758 tragoediam,
613 4693 730 4756 quam:
760 4689 797 4738 ut
826 4673 873 4737 illi
901 4675 987 4738 inter
1009 4696 1057 4740 se.
1105 4677 1214 4742 Recte
1238 4676 1507 4758 Gomperzius
1539 4692 1652 4739 monet
1684 4678 1826 4752 ἐπιεικεῖς
1859 4691 1893 4740 et
1925 4677 2062 4762 φαύλους

361 4779 573 4789 ι---.

514 4830 545 4897 ¹⁴)
563 4833 629 4882 Nam
648 4836 727 4884 etiam
747 4836 773 4883 ln
792 4837 887 4886 tertiae
906 4836 1031 4886 editlonls
1055 4835 1091 4885 ab
1111 4853 1145 4885 eo
1170 4847 1280 4902 paratae
1299 4852 1325 4901 p.
1348 4841 1397 4899 287
1419 4837 1531 4900 legimus
1551 4838 1629 4887 haec:
1655 4838 1902 4904 „ratiocinationem
1922 4838 1966 4902 qul
1985 4851 2062 4886 accu-

354 4924 434 4972 ratlus
448 4923 629 4988 perpenderit,
649 4925 779 4975 concedet
794 4927 910 4975 lortasse
922 4941 973 4976 non
991 4927 1025 4976 de
1038 4928 1120 4978 nihilo
1134 4928 1216 4978 fuisse
1229 4927 1302 4992 quod
1316 4943 1396 4991 supra
1414 4928 1501 4990 1461b
1521 4933 1553 4976 28
1573 4929 1602 4978 δέ
1614 4926 1675 4976 addi
1690 4939 1752 4992 post
1764 4927 1823 4978 λίαν
1842 4929 1979 4978 volueram
1993 4933 2060 4976 etc.“

514 5011 545 5078 15)
564 5015 621 5062 Das
648 5013 858 5078 Schlrrscapltel
887 5015 936 5064 der
963 5016 1067 5078 Poetilt,
1097 5017 1200 5067 Eranos
1226 5017 1444 5068 vindobonensis
1470 5017 1599 5084 (vindob.
1623 5017 1708 5082 1893),
1733 5033 1760 5082 p.
1782 5021 1894 5080 71—82.
1932 5017 2009 5080 Quae
2028 5016 2061 5066 de

354 5099 444 5150 verbis
463 5102 495 5151 ἂν
514 5103 549 5168 μή
569 5103 646 5164 αὐτὸς
664 5103 768 5169 προσθῇ
788 5113 881 5154 contra
907 5105 1087 5155 Vahlenum
1108 5119 1196 5158 monet
1217 5107 1449 5172 Gomperzius,
1476 5089 1614 5157 verissima
1640 5119 1707 5170 sunt,
1732 5119 1845 5158 attamen
1873 5121 1948 5158 actor
1974 5111 2060 5160 omnia

352 5191 413 5254 ipse
431 5189 532 5242 addens
552 5203 577 5242 et
597 5195 700 5244 lmltans
724 5209 756 5242 ea
780 5195 840 5259 ipsa
859 5211 889 5245 re
912 5196 988 5245 simul
1007 5197 1084 5246 ulmis
1103 5209 1252 5262 exaggerat
1271 5209 1296 5247 et
1316 5213 1395 5248 versa
1414 5199 1476 5247 vice
1494 5199 1539 5264 qui
1559 5199 1634 5248 nimis
1654 5210 1811 5264 exaggerat,
1830 5201 1906 5249 simia
1925 5200 2001 5250 simul
2020 5211 2061 5250 est

353 5284 440 5332 omnia
460 5285 574 5334 lmitans:
593 5285 628 5345 ὡς
647 5285 706 5334 λίαν
724 5287 776 5350 γὰρ
795 5285 990 5350 ὑπερβάλλοντα
1009 5287 1125 5352 πίθηκον
1145 5303 1171 5338 κ.
1191 5303 1213 5338 τ.
1233 5289 1258 5338 λ.
