4820 5922
1085 416 1310 491 ..5..

324 628 658 712 tuendIspraeerit
680 629 795 692 cotidie
813 629 879 693 hor.
903 629 965 694 VII
987 635 1018 696 et
1040 629 1132 710 Vlll;
1166 631 1198 714 2)
1221 632 1579 694 exercitationes
1614 630 1807 694 elinieas
1841 627 2086 714 elpolicli-

327 749 445 812 nieas
483 748 763 832 chirurgicus
801 750 1016 814 moderabitur
1047 750 1129 814 dieb.
1162 750 1244 815 Luu.
1277 750 1364 814 Mart.
1401 749 1467 814 Iov.
1500 751 1581 814 Veu.
1611 751 1685 814 iude
1708 749 1746 814 ab
1770 749 1835 812 hor.
1859 747 1891 812 X
1913 755 1945 812 et
1966 749 2085 832 dimid,

328 869 461 952 reliquis
484 867 566 932 dieb.
587 868 626 932 ab
650 869 715 932 lior.
738 867 784 932 XI
806 889 910 954 usquo
933 871 971 934 ad
989 873 1059 935 ’hoa
1083 869 1153 933 XII.

951 1057 1009 1122 Du.
1034 1057 1068 1122 P.
1093 1057 1315 1142 GRAWITZ,
1336 1079 1364 1122 r.
1381 1079 1408 1121 Ρ.
1429 1079 1457 1124 o.

331 1290 333 1294 ι
495 1190 524 1274 Ι)
546 1190 679 1256 Publice
702 1192 746 1256 do
779 1195 944 1258 secandi
966 1199 1058 1259 arte
1090 1197 1444 1258 exercitationes
1467 1195 1612 1258 instituet
1634 1193 1684 1256 bis
1706 1215 1735 1277 p.
1758 1194 1787 1256 h.
1811 1230 1843 1238 -
1870 1189 1911 1272 11)
1938 1149 2088 1254 Privatim

333 1312 362 1392 1)
394 1313 652 1378 anatomiam
686 1315 1014 1400 pathologicam
1048 1316 1150 1379 tradet
1183 1315 1264 1379 dieb.
1299 1313 1379 1378 Luu.
1413 1313 1501 1378 Mart.
1537 1314 1631 1378 Illore.
1667 1313 1732 1379 lov.
1754 1311 1832 1376 Ven.
1856 1312 1920 1375 hor.
1947 1301 2022 1382 VII3
2057 1311 2088 1386 2)

331 1452 483 1498 cursum
512 1432 558 1496 de
590 1438 784 1498 anatomia
818 1441 853 1498 et
878 1436 1094 1518 histologia
1127 1435 1378 1519 pathologiea
1410 1436 1634 1517 practicum
1668 1438 1707 1495 et
1730 1431 2088 1496 demonstrativum

323 1554 472 1616 instimot
505 1552 556 1616 die
580 1552 674 1616 llere.
698 1561 730 1616 et
750 1553 812 1617 Sat.
845 1554 911 1617 her.
936 1553 1009 1618 VIII
1041 1561 1072 1618 et
1104 1555 1181 1638 IX,
1214 1557 1266 1620 die
1297 1555 1385 1620 Mart.
1421 1561 1452 1618 11
1483 1554 1564 1618 Ven.
1600 1554 1674 1617 iude
1709 1553 1747 1617 ab
1782 1554 1809 1616 h.
1833 1549 1894 1615 XII
1916 1569 2019 1633 usque
2052 1547 2091 1610 ad

326 1671 391 1738 hor.
412 1670 428 1733 Ι
451 1692 476 1735 1.
499 1673 574 1736 dim.

815 1831 847 1900 2)
867 1830 1139 1886 suceessorum
1163 1827 1606 1886 mruxouoluanmuun.

936 2006 993 2071 ux
1018 2005 1050 2070 c.
1083 2005 1329 2092 niensium,
1349 2029 1378 2072 p.
1399 2028 1427 2071 P.
1451 2027 1478 2071 a

499 2167 527 2252 1)
550 2166 683 2232 Publice
706 2169 751 2232 de
774 2169 931 2233 morbis
963 2171 1209 2256 syphilitieis
1243 2173 1527 2238 demonstrationes
1562 2172 1716 2255 practicus
1754 2169 1919 2233 additurus
1957 2169 2094 2232 dIsseret

334 2289 416 2358 dieb,
449 2287 529 2352 Luu.
566 2295 597 2352 et
640 2287 706 2352 Iov'.
740 2290 805 2352 hor.
828 2289 868 2352 II.
904 2328 943 2337 -
977 2289 1021 2374 ll)
1044 2291 1197 2358 Privatim
1228 2294 1272 2358 de
1306 2292 1451 2357 morbis
1485 2292 1666 2356 cutaneis
1700 2293 1774 2354 item
1807 2289 2093 2353 demonstradenes

335 2411 487 2494 practices
510 2410 720 2473 adluucturus
742 2415 814 2493 aget
836 2409 950 2473 diebus
971 2409 1059 2476 Mart
1083 2419 1115 2477 et
1137 2411 1217 2478 Ven.
1238 2415 1304 2479 hor.
1329 2412 1368 2476 II.

968 2615 1027 2682 Da.
1049 2615 1148 2683 RUD.
1171 2615 1329 2704 ARNDT,
1350 2639 1378 2682 r.
1404 2639 1432 2682 Ρ.
1455 2638 1483 2682 n.

505 2767 533 2854 I)
554 2767 686 2836 Publice
709 2772 754 2836 de
778 2773 951 2838 statibus
975 2779 1011 2838 et
1030 2774 1175 2838 morbis
1195 2776 1368 2840 homiuis
1387 2773 1622 2858 degenerati
1651 2771 1794 2836 tractabit
1815 2770 1864 2834 bis
1886 2790 1915 2853 p.
1938 2767 2032 2832 hebd.
2055 2802 2097 2814 ·-

339 2886 382 2972 11)
404 2886 557 2954 Privatim
578 2894 902 2959 exercitationes
934 2893 1102 2960 clinicae
1124 2895 1416 2980 psychiatricas
1438 2895 1584 2958 instituet
1605 2891 1686 2958 dIeb.
1709 2891 1790 2956 Lun.
1815 2889 1905 2954 Mart.
1925 2888 2007 2952 Veu.
2032 2887 2095 2952 Sat.

338 3009 405 3072 hor.
427 3007 514 3072 VIII.

967 3096 1025 3164 Da.
1049 3097 1084 3163 P.
1108 3097 1321 3184 KRABLER,
1343 3120 1369 3164 n.
1393 3121 1420 3164 1³.
1444 3119 1472 3162 1.

507 3250 661 3317 Privatim
686 3256 717 3332 l)
738 3254 1019 3339 paediatricen
1043 3253 1167 3320 docebit
1189 3256 1477 3320 demonstrationes
1500 3256 1654 3336 practices
1677 3253 1885 3318 adiuncturus
1907 3250 1990 3315 dieb.
2009 3249 2098 3314 Mart.

342 3369 410 3434 lov.
433 3371 515 3436 Ven.
537 3373 602 3436 hor.
627 3372 708 3448 XII;
742 3377 774 3453 2)
796 3375 1076 3460 diagnosticeu
1099 3376 1299 3460 physicam
1322 3375 1447 3441 docebit
1469 3372 1550 3438 dieb.
1570 3372 1658 3438 Mart
1681 3371 1747 3438 Iov.
1775 3371 1850 3436 Ven.
1873 3374 1937 3437 hor.
1958 3369 2013 3435 III.

940 3598 1000 3664 Da.
1024 3595 1179 3664 BERNH.
1203 3597 1376 3683 SOLGER,
1418 3620 1448 3664 n.
1471 3621 1490 3664 P
1511 3619 1538 3664 n.

513 3759 540 3844 1)
563 3759 695 3826 Publice
718 3762 764 3826 de
786 3765 981 3828 anatomia
1002 3783 1232 3848 organorum
1255 3783 1449 3828 sensuum
1472 3764 1607 3828 disseret
1629 3764 1729 3826 semel
1751 3783 1781 3846 p.
1797 3760 1889 3825 hebd.
1904 3759 1970 3822 hor.
1987 3757 2047 3820 def.
2067 3791 2104 3802 -

347 3878 391 3963 11)
413 3877 567 3956 Privatim
602 3884 632 3962 1)
664 3883 924 3967 osteolegiam
957 3889 994 3947 et
1027 3884 1391 3969 syndesmologiam
1421 3882 1546 3948 docebit
1575 3883 1604 3946 d.
1626 3881 1710 3946 Lun.
1730 3882 1796 3948 hor.
1820 3877 1879 3942 VII
1901 3883 1933 3942 et
1955 3878 2020 3948 hor.
2043 3875 2104 3948 IV;

348 4001 380 4084 2)
404 4001 447 4064 de
469 4004 662 4066 anatomia
687 4005 810 4067 cranii
833 4005 1065 4068 animalium
1091 4004 1474 4069 vertebratorumet
1495 4006 1734 4070 varietatum
1756 4001 1921 4086 generis
1944 3996 2106 4061 humani

347 4136 417 4181 uec
435 4138 514 4182 non
539 4119 584 4183 de
607 4119 705 4183 aliis
728 4122 860 4205 siguis
881 4123 1224 4207 anthropologicis
1241 4124 1377 4188 dleseret
1391 4124 1420 4187 (1.
1436 4123 1498 4188 Sat.
1514 4124 1579 4188 hor.
1596 4123 1673 4196 vlu
1697 4125 1729 4206 3)
1744 4116 2106 4186 exercitationibus

348 4238 643 4324 microscopicis
677 4242 845 4326 utriusque
867 4248 976 4307 coetus
999 4245 1135 4328 praeerit
1157 4243 1328 4308 adiuvante
1355 4225 1430 4307 Dra.
1453 4243 1637 4309 Brmowrm
1660 4249 1771 4329 quater
1791 4261 1820 4324 p.
1842 4236 1944 4318 hebd,
1977 4236 2106 4300 alterius

348 4353 431 4418 dieb.
454 4355 543 4422 Mart.
563 4363 594 4421 et
615 4357 692 4440 Iov,
716 4358 845 4424 alterius
868 4361 950 4425 dieb.
974 4360 1068 4426 More.
1093 4373 1124 4426 et
1145 4363 1226 4426 Vsu.
1249 4362 1288 4427 ab
1310 4363 1376 4427 hor.
1400 4362 1463 4426 VII
1497 4365 1663 4449 usquead
1695 4365 1760 4428 hor.
1784 4359 1842 4424 IX.
1881 4393 1920 4404 -
1956 4354 2018 4440 111)
2041 4355 2107 4418 Pri-

347 4481 513 4545 vafissime
547 4481 864 4547 exercitationes
897 4483 1213 4568 emb'ryologieas
1246 4503 1355 4548 eorum
1380 4485 1656 4568 commilitonum,
1689 4487 1745 4570 qui
1778 4485 1812 4548 in
1841 4483 1890 4546 his
1923 4473 2021 4540 rebus
2042 4475 2106 4538 iam

348 4604 452 4688 magis
474 4602 588 4667 eruditi
612 4608 697 4688 suut,
719 4605 935 4670 moderabitur
953 4609 1084 4671 sexiens
1109 4607 1173 4670 hor.
1199 4605 1259 4670 dal.

901 4830 959 4896 Du.
983 4830 1016 4896 P.
1039 4851 1080 4897 ns
1100 4827 1367 4912 Penusoflurv,
1386 4849 1413 4892 1³.
1438 4849 1465 4892 Ρ.
1487 4847 1516 4892 n.

516 4991 542 5077 Ι)
564 4989 697 5059 PubIIce
719 4994 1000 5079 diagnosticeu
1034 4995 1306 5061 obstetricium
1335 4993 1460 5060 decebit
1481 4993 1532 5056 die
1555 4989 1650 5056 Mero.
1670 4993 1735 5056 hor.
1760 4991 1801 5059 11.
1824 5027 1865 5040 -
1887 4991 1931 5074 11)
1955 4991 2108 5056 Privatim

353 5117 383 5196 1)
405 5117 666 5198 operationes
690 5112 949 5180 obstetricias
971 5115 1186 5180 moderabitur
1219 5113 1671 5196 exercitationibusque
1702 5114 1745 5176 iu
1776 5114 2029 5197 phantomate
2051 5113 2111 5176 in·
2229 5173 2233 5184 ‚

351 5237 573 5300 stituendis
606 5238 742 5321 praeerit
765 5236 849 5304 dieb.
867 5235 948 5300 Lun.
973 5243 1005 5301 et
1035 5235 1100 5301 Iov.
1125 5237 1190 5300 lrer.
1215 5235 1261 5310 II;
1301 5237 1334 5318 2)
1356 5233 1402 5297 (11
1435 5230 1585 5296 morbis
1617 5231 1830 5295 mulierum
1862 5230 1996 5295 disseret
2028 5228 2111 5294 dieb.

351 5355 439 5422 Mart.
464 5363 495 5422 et
516 5357 598 5422 Ven.
620 5359 685 5422 her.
708 5357 749 5421 H.

1903 5459 1920 5510 4
