4850 5918
1198 415 1290 488 XIII

359 629 487 690 tantum
510 629 654 712 sequitur
684 648 724 691 ex
753 621 903 691 omnihus
931 627 980 690 his
1013 627 1120 710 rebus,
1144 629 1343 694 Aristotelem
1367 633 1424 695 vix
1445 635 1519 696 ante
1555 653 1675 697 annum
1700 634 1761 696 334
1794 635 1828 696 in
1861 635 1908 696 eis
1944 631 2124 696 scribendis

358 746 525 812 lahorasse
548 752 579 811 et
600 749 656 810 vix
680 752 752 812 ante
774 767 894 811 annum
919 747 979 810 327
1008 748 1046 812 oh
1075 749 1133 812 hoc
1155 749 1262 814 labore
1290 750 1449 815 abstitisse
1459 751 1507 836 ⁸³).
1558 755 1753 838 eraproptor
1785 757 1845 818 etsi
1873 755 2014 818 maxime
2043 755 2126 815 inter

361 888 400 932 se
423 869 648 953 pugnantdue
671 869 767 930 huius
790 869 934 932 eiusdem
965 871 1069 952 operis
1098 870 1159 932 loci
1192 869 1457 953 11,6.1265l24
1483 877 1541 936 -26
1576 878 1607 938 et
1640 872 1683 937 IV
1706 874 1803 958 (Vll),
1828 876 1876 939 10.
1902 874 2127 958 133029-23,

358 995 470 1054 tamen
494 989 557 1052 nisi
580 988 661 1054 aliae
683 989 869 1052 accederent
890 1009 1017 1072 causac,
1038 996 1164 1074 proptor
1187 992 1268 1056 hane
1291 994 1391 1058 solam
1414 1015 1523 1059 eorum
1547 997 1683 1078 priorem
1711 994 1750 1058 ab
1779 997 1849 1078 ipso
1876 996 2048 1060 Aristotele
2073 995 2128 1060 ab·

358 1111 506 1174 iudicare
528 1119 730 1196 nequaquam
754 1109 916 1190 auderem,
938 1129 1076 1194 cunique
1100 1113 1150 1175 vel
1173 1114 1219 1176 sie
1242 1135 1305 1179 nou
1329 1117 1453 1181 desinat
1472 1135 1543 1180 csso
1567 1113 1681 1180 Politia
1704 1116 1952 1179 Atheniensium
1982 1116 2128 1199 plurimis

358 1229 571 1294 PolitIcorum
592 1229 735 1314 partibus
757 1231 917 1312 posterius
941 1249 1031 1313 opus,
1055 1251 1092 1294 eo
1116 1235 1223 1297 minus
1245 1240 1371 1320 propter
1394 1238 1516 1300 simlies
1540 1237 1768 1320 repugnantias
1791 1235 1830 1299 ab
1854 1255 1891 1300 oo
1914 1236 2128 1301 abiudicnnda

361 1357 412 1416 cst
433 1355 507 1434 tota,
528 1349 700 1414 dummodo
721 1371 762 1414 ne
786 1371 849 1414 una
872 1352 1011 1415 alterare
1036 1371 1145 1416 cerum
1178 1355 1335 1420 eiusmodi
1364 1359 1415 1439 sit,
1440 1361 1474 1422 ut
1502 1360 1547 1421 sio
1577 1357 1713 1422 scribere
1742 1358 1884 1440 poluisse
1918 1357 2128 1441 philosophus

363 1473 496 1537 omnino
519 1491 582 1536 non
606 1471 758 1534 ridentur.
804 1471 1032 1536 Verumtamen
1058 1474 1097 1538 de
1120 1475 1176 1538 hnc
1198 1495 1232 1538 rc
1252 1478 1325 1541 nolo
1346 1478 1519 1561 disputare,
1533 1480 1719 1562 praesertim
1735 1499 1808 1542 cum
1825 1499 1867 1541 ox
1883 1497 1954 1541 mea
1970 1479 2130 1541 sententia

362 1595 439 1658 satis
463 1593 599 1656 otiosum
623 1593 663 1655 sit
685 1611 848 1675 quaerere,
872 1597 976 1657 utrum
1000 1593 1049 1657 hie
1072 1594 1153 1658 liher
1175 1615 1217 1660 cx
1239 1598 1343 1679 ipsius
1366 1603 1508 1684 nnrgistri
1529 1601 1650 1664 calamo
1676 1599 1835 1682 prolectas
1859 1598 1899 1660 sit
1930 1617 1970 1661 an
2000 1599 2032 1660 in
2058 1599 2129 1661 eius

362 1715 470 1778 schola
493 1713 553 1776 sub
577 1713 646 1776 eius
669 1713 767 1777 tutela
789 1715 937 1777 extiterit.
982 1712 1014 1778 Si
1038 1716 1689 1803 nroaudius,con1n1ihtnnes,interhas
1720 1719 1800 1783 duas
1828 1720 2000 1802 opinIoucs
2031 1716 2131 1781 libera

364 1837 434 1900 data
458 1839 507 1898 est
527 1833 672 1918 optio⁸⁴)‚
696 1834 777 1900 alluo
798 1855 909 1900 omnes
933 1839 1008 1900 sunt
1029 1835 1218 1901 reiciendae.

531 1953 593 2019 Sed
617 1955 693 2020 haee
709 1957 873 2020 hactenus.
907 1957 1127 2022 Ethieorum
1144 1957 1493 2024 Nicomacheorum
1517 1959 1588 2024 libri
1606 1959 1630 2023 Ι.
1650 1959 1754 2023 locuni
1780 1957 1806 2022 1.
1830 1956 2037 2022 109429--15
2061 1955 2130 2020 Bo-

376 2073 577 2156 nitzium⁸⁵)
600 2079 666 2159 rel,
698 2083 733 2142 ut
759 2079 876 2142 rectius
911 2077 1024 2159 dicam,
1058 2079 1120 2142 iam
1151 2079 1308 2161 Aldunr,
1342 2079 1614 2162 Camerarium,
1646 2079 1914 2164 Sylburgium,
1945 2078 2130 2160 helhum,

380 2197 526 2262 Curaem
549 2202 679 2262 secutus
701 2199 745 2262 ita
767 2199 902 2262 distinxi
924 2203 955 2262 et
977 2199 1078 2263 edidi:
1102 2197 1171 2263 ὅσαι
1194 2191 1219 2262 δ’
1248 2201 1313 2263 ἐστὶ
1334 2206 1396 2262 τῶν
1418 2192 1565 2264 τοιούτων
1586 2196 1642 2263 ὑπὸ
1667 2201 1735 2286 μίαν
1755 2193 1822 2262 τινὰ
1838 2191 1969 2285 δύναμιν,
1990 2187 2129 2282 καθάπερ

383 2311 431 2386 let
452 2311 506 2382 rho
527 2312 647 2388 ἱππικὴν
667 2313 915 2404 χαλινοποιητικὴ
938 2321 989 2383 καὶ
1010 2317 1079 2382 ὅσαι
1100 2313 1192 2382 ἄλλαι
1212 2326 1276 2382 τῶν
1297 2326 1424 2384 ἱππικῶν
1445 2313 1578 2408 ὀργάνων
1603 2321 1680 2400 εἰσίν,
1709 2317 1785 2390 αὕτη
1809 2312 1844 2382 δὲ
1865 2322 1915 2382 καὶ
1935 2324 2019 2382 πᾶσα
2039 2321 2130 2380 πολε-

376 2433 443 2525 μικὴ
464 2430 567 2526 πρᾶξις
583 2434 640 2501 ὑπὸ
661 2433 716 2508 τόν
739 2430 948 2525 στρατηγικὴν,
977 2435 1153 2503 τόναιίτόν
1181 2434 1215 2502 δὲ
1240 2434 1349 2527 τρόπον
1375 2435 1466 2504 ἄλλαι
1494 2437 1540 2528 ὑφ’
1573 2439 1688 2529 ἐτέρας·
1718 2442 1748 2502 ἐν
1777 2431 1907 2513 ἁπάσαις
1933 2431 1968 2501 δὲ
2000 2432 2042 2499 τὰ
2069 2441 2131 2500 τῶν

374 2557 623 2646 ἀρχιτεκτονικῶν
644 2560 719 2631 τέλη
743 2553 863 2624 πάντων
885 2561 963 2623 ἐστὶν
986 2552 1166 2647 αἱρετώτερα
1192 2565 1255 2623 τῶν
1273 2556 1318 2624 ὑπ’
1345 2553 1432 2641 αὐτά,
1464 2563 1527 2625 nisi
1554 2561 1638 2646 quod
1670 2565 1742 2646 post
1763 2551 1892 2634 ἁπάσαις
1924 2580 1988 2625 non
2020 2551 2057 2627 dh
2089 2578 2132 2622 ex

375 2679 447 2744 rhu
469 2683 585 2764 recepi,
608 2681 664 2746 sod
692 2673 727 2742 δὲ
749 2682 865 2746 retinui
895 2684 1003 2746 eontra
1024 2681 1156 2747 Cernis
1184 2688 1214 2746 et
1238 2681 1392 2746 Bonitzi
1419 2684 1619 2764 sententiani,
1649 2703 1712 2768 qua
1740 2683 1779 2746 dc
1805 2688 1839 2745 re
1866 2685 1978 2764 postca
2007 2680 2127 2763 loquar.

372 2803 412 2868 st
435 2821 521 2866 nuuc
536 2823 665 2888 quoque
680 2823 845 2888 perperam
864 2823 980 2868 conseo
997 2803 1022 2866 B
1029 2808 1244 2885 yrratcrum
1259 2805 1392 2868 rediisse
1411 2805 1450 2868 ad
1466 2808 1588 2868 toxturn
1604 2803 1900 2868 Behlrorianum.
1930 2799 2130 2884 Quamquam

374 2926 461 2989 anim
484 2928 566 2987 recte
589 2929 697 2988 monet
715 2927 810 2989 otiam
834 2927 1008 3008 AspasIum
1028 2919 1082 2988 τόν
1105 2919 1196 2987 αὐτὸν
1218 2917 1256 2995 δὴ
1279 2917 1388 3011 τρόπον
1410 2925 1528 3008 legisse
1550 2929 1717 3008 totumque
1740 2925 1941 2988 enuntiatum
1972 2923 2015 2984 ita
2037 2919 2133 2984 intol-

374 3047 562 3130 exissent
592 3041 661 3107 ὅσαι
693 3083 734 3093 -
766 3037 889 3132 δύναμιν
919 3051 1080 3131 protnscos
1113 3049 1155 3110 sit
1186 3046 1374 3110 anacolutho
1408 3043 1594 3127 adhibito³⁶)
1627 3035 1826 3130 καθάπερ-
1850 3041 1952 3127 ἑτέρας
1985 3040 2132 3125 οροιίοεῐε

370 3171 794 3187 “u-m

367 3242 397 3300 δέ
415 3241 540 3296 facillime
558 3239 639 3295 Inseri
656 3239 754 3308 potuit,
774 3237 854 3292 huius
872 3240 982 3308 copulae
1000 3238 1119 3294 delectus
1137 3239 1260 3308 idemque
1282 3238 1401 3294 defectus
1425 3240 1505 3294 ullius
1529 3238 1639 3308 copulae
1662 3237 1691 3290 in
1713 3235 1791 3290 initio
1814 3234 1868 3299 lli,
1882 3233 1928 3287 ubi
1948 3231 1984 3300 δὲ,
2009 3232 2038 3287 ld
2062 3231 2133 3302 quod

366 3327 535 3399 supradixi,
559 3342 696 3397 perperam
722 3324 842 3378 addItum
862 3330 904 3379 est
927 3326 955 3379 in
972 3326 1011 3377 11²
1032 3327 1142 3391 familis,
1166 3319 1216 3394 γάρ
1240 3327 1330 3396 potins
1353 3327 1507 3396 requiritur,
1532 3329 1562 3380 ut
1585 3325 1637 3379 hoc
1661 3323 1769 3377 initium
1794 3327 1866 3376 stare
1890 3325 1971 3390 queat
1994 3323 2133 3390 praeterea

372 3433 425 3472 non
440 3417 574 3469 mutatum
587 3413 705 3482 prordme
715 3415 776 3482 post
786 3413 865 3466 finem
874 3411 912 3466 Ii.
931 3415 986 3467 Cur
995 3413 1090 3467 librum
1100 3411 1139 3464 lv
1151 3413 1233 3478 (Vll)
1247 3413 1298 3466 hae
1313 3413 1340 3466 in
1354 3430 1381 3466 re
1396 3413 1464 3467 nihil
1475 3429 1568 3476 morer,
1582 3425 1806 3481 supervacaneum
1820 3413 1862 3462 est
1874 3407 1992 3462 hocloco
2005 3407 2132 3474 repetere.

538 3501 582 3570 83)
601 3501 638 3555 Ni
656 3499 741 3564 fallor,
759 3501 824 3568 quia
842 3503 973 3568 quantum
992 3501 1042 3554 otii
1060 3501 1085 3554 ci
1103 3500 1289 3570 relinquebant
1307 3501 1428 3564 Poetice,
1446 3501 1600 3563 Rhetorica,
1615 3498 1808 3568 Metaphysica‚
1824 3497 1874 3550 hoe
1888 3498 1977 3549 totum
1993 3509 2132 3548 consumo·

370 3592 452 3644 batur
469 3591 497 3646 io
516 3589 624 3658 scrIptis
641 3587 786 3650 historIcis,
805 3587 879 3641 velut
896 3587 1014 3651 Potitiis,
1038 3587 1179 3642 Institutis
1204 3588 1384 3651 harbarorum,
1403 3587 1572 3651 Didascaliis,
1600 3587 1682 3656 Peplo
1709 3585 1777 3649 aliis,
1802 3581 1969 3638 elaborandis
1993 3596 2046 3634 una
2071 3595 2133 3633 eum

371 3677 558 3746 Theophrasto
577 3676 690 3744 aliisque
709 3673 854 3744 discipulis.
891 3673 1036 3734 Ποθιονίκιις
1054 3675 1168 3744 scriptos
1194 3691 1250 3728 esse
1275 3675 1377 3729 ultimis
1396 3675 1551 3728 Aristotelis
1580 3674 1656 3727 annis
1683 3673 1745 3726 indo
1773 3673 1893 3742 apparet,
1921 3667 1992 3738 qnod
2017 3666 2133 3734 scriptae

371 3767 437 3817 snat
452 3767 515 3834 post
531 3763 705 3827 Menaechmi,
724 3762 853 3830 temporis
871 3763 1053 3832 anttqnissImi
1071 3761 1246 3817 Alexandrini
1263 3762 1411 3832 sorIpteris,
1430 3755 1547 3826 Πυθικόν,
1566 3778 1590 3814 ν.
1610 3759 1790 3816 Susamihl.
1827 3757 1924 3814 Gesch.
1942 3755 1990 3810 der
2007 3771 2046 3824 gr.
2063 3753 2132 3808 Litt.

373 3851 402 3906 in
420 3850 444 3904 d.
464 3849 676 3907 Alexandrinam.
695 3849 717 3903 L
736 3866 761 3919 p.
779 3851 831 3906 532
848 3867 887 3919 sq.

539 3937 588 4004 84)
606 3937 699 4007 Neque
717 3937 748 3990 P.
768 3937 889 3992 Caneri
913 3936 1101 3993 dissertatione
1119 3939 1216 3992 Annal.
1235 3938 1327 4008 philol.
1352 3937 1456 3993 CXLV.
1475 3939 1550 3992 1892.
1578 3952 1604 4006 p.
1627 3935 1768 3989 esi-sss
1795 3933 1835 3988 ite
1861 3939 1975 3994 mereor,
2002 3932 2033 3983 ut
2054 3928 2133 3982 ahter

374 4025 496 4080 iudicem.
532 4025 601 4079 Nolo
619 4028 709 4078 tamen
728 4023 895 4078 dissimulare
913 4025 1000 4091 magis
1018 4041 1059 4078 me
1082 4025 1212 4080 inclinare
1239 4026 1271 4079 ad
1296 4026 1367 4080 hane
1392 4042 1471 4095 quam
1499 4025 1533 4078 ad
1551 4025 1625 4078 illam
1653 4021 1816 4077 sententiam
1842 4037 1895 4074 non
1921 4018 2007 4072 solum
2025 4018 2134 4086 propter

375 4129 468 4168 causas
486 4117 650 4167 adsuere
669 4111 773 4176 allatas,
801 4111 848 4166 sed
872 4113 955 4166 etism
978 4113 1040 4182 qnia
1067 4129 1120 4166 non
1147 4113 1234 4177 crede,
1262 4131 1322 4168 eum
1350 4129 1397 4182 per
1423 4112 1562 4167 duedeeIm
1581 4113 1688 4166 tanturn
1718 4110 1827 4164 ultimos
1845 4107 1916 4160 vitae
1943 4121 2027 4158 onnes
2045 4103 2134 4156 emnia

375 4199 511 4269 scrIpserit
530 4215 610 4270 opera
625 4198 701 4253 nobis
718 4202 824 4253 serrato
837 4196 996 4270 philosopha
1014 4216 1075 4254 eum
1093 4201 1228 4254 nonnullis
1247 4199 1446 4270 perdideratis
1464 4200 1489 4254 ei
1503 4199 1625 4254 relietum
1640 4215 1696 4252 esse
1709 4196 1845 4266 temporis,
1863 4197 1894 4248 ut
1907 4193 1988 4248 etism
2004 4189 2135 4244 historica

375 4287 432 4356 ipse
449 4287 521 4342 solus
538 4287 653 4342 seribere
671 4289 769 4356 posset.

543 4374 588 4443 so)
608 4374 721 4428 Aristot.
741 4373 817 4428 Stud.
836 4374 873 4429 II.
891 4375 943 4430 111.
961 4391 987 4444 p.
1006 4376 1040 4429 46
1058 4393 1107 4446 sq„
1125 4377 1171 4430 ubi
1190 4375 1290 4445 optima
1312 4378 1403 4429 monet
1421 4375 1501 4431 haec:
1522 4375 1608 4440 „Dese
1627 4415 1633 4426 .
1653 4415 1659 4428 .
1680 4415 1685 4427 .
1707 4374 1754 4427 der
1766 4371 1902 4428 Naehsete
1920 4411 1926 4423 .
1947 4410 1954 4423 .
1974 4409 1980 4422 .
1999 4368 2135 4435 aulangon

379 4477 451 4516 muss
470 4505 475 4516 .
496 4503 503 4516 .
521 4503 527 4514 .
546 4461 588 4516 boi
607 4459 631 4514 ἐν
647 4455 758 4526 ἀπαίσια,
777 4463 845 4530 geht
862 4479 910 4517 aus
937 4463 984 4516 der
1000 4463 1155 4532 Erwiigung
1177 4463 1223 4517 dee
1241 4462 1487 4530 Gedanlrenganges
1511 4462 1563 4515 mit
1586 4461 1739 4516 Sicherheit
1768 4460 1869 4514 horror.
1905 4457 1960 4510 Das
1983 4456 2039 4510 Ziel
2060 4453 2135 4523 jeder

378 4549 476 4616 Kunst,
493 4552 556 4619 sagt
572 4550 740 4614 Aristoteles,
759 4551 814 4604 und
828 4552 903 4620 jeder
922 4551 1076 4618 iiberlegten
1095 4551 1321 4620 Entschliessung
1338 4552 1375 4605 ist
1396 4553 1439 4605 ein
1459 4553 1523 4606 Gut.
1561 4551 1657 4604 Solche
1675 4548 1759 4612 Ziele,
1778 4546 1876 4600 welche
1895 4545 1933 4598 sls
1954 4541 2134 4608 selbstdndige

379 4637 475 4692 Werke
498 4638 633 4701 existiren,
660 4637 766 4691 haben‘·
785 4637 949 4704 (addendum
970 4642 1043 4692 erat:
1072 4637 1113 4702 da,
1135 4655 1174 4692 uo
1192 4639 1230 4692 sie
1249 4639 1388 4702 eristum)
1417 4638 1485 4702 „den
1504 4639 1612 4704 Vorzug
1630 4653 1676 4689 vor
1703 4634 1749 4688 der
1776 4634 1880 4688 hiessen
1900 4630 2058 4698 Thi'rtiglreit
2082 4628 2135 4682 und

380 4725 532 4794 Handlung.
568 4724 663 4780 ludam
681 4725 744 4779 aber
763 4725 791 4779 in
810 4727 870 4779 dem
888 4725 1135 4792 Zosammenhange
1153 4725 1200 4778 dar
1217 4726 1422 4780 verschicdenen
1440 4727 1545 4782 Khnste
1563 4727 1652 4792 elnige
1671 4740 1722 4778 nur
1741 4721 1783 4776 die
1796 4720 1888 4776 Illittel
1907 4718 1960 4774 und
1974 4718 2138 4785 Werkzeuge

380 4815 423 4869 Illr
441 4814 483 4867 die
501 4813 615 4869 anderen
630 4814 698 4879 sind,
717 4830 746 4867 so
764 4813 852 4867 haben
870 4813 913 4866 die
930 4813 1039 4867 Zneclre
1057 4811 1111 4866 und
1134 4811 1177 4867 die
1195 4813 1290 4868 Werlre
1313 4813 1359 4867 der
1376 4813 1554 4882 gebietenden
1578 4813 1684 4867 Klinete
1712 4811 1763 4865 den
1782 4810 1888 4875 Vcrzug
1907 4823 1953 4860 ror
1980 4806 2065 4860 denen
2094 4803 2140 4858 der

381 4902 534 4958 disnendeo.
570 4901 656 4955 Wonn
675 4917 702 4954 es
720 4917 775 4954 nun
795 4902 872 4954 elnon
889 4901 983 4956 Zweclr
1004 4899 1089 4968 gicht,
1116 4898 1163 4954 der
1187 4901 1228 4955 hir
1251 4901 1346 4956 heinen
1374 4900 1474 4956 andern
1503 4901 1546 4954 die
1565 4900 1647 4954 Stelle
1665 4898 1710 4952 des
1729 4897 1834 4954 blessen
1859 4894 1964 4949 Mittels
1994 4891 2143 4954 einaimmt‚

382 4989 466 5042 suist
484 4987 569 5042 dieser
587 4989 634 5041 dns
653 4987 765 5042 hiiehste
784 4989 865 5043 Gut“.

549 5074 596 5142 86)
616 5075 646 5130 Si
660 5075 746 5144 igitur
759 5075 809 5129 hoc
823 5076 919 5145 probat
932 5076 955 5130 B
962 5078 1104 5145 quater,
1122 5075 1230 5144 elguum
1244 5076 1411 5146 interruptae
1427 5077 1544 5130 oratoris
1558 5078 1616 5128 erat
1631 5073 1729 5142 sipost
1743 5064 1841 5142 ’δύναμιν
1853 5068 2015 5139 ponendum.
2042 5066 2144 5120 llrtant

383 5163 454 5218 hand
472 5162 551 5218 dubie
569 5163 639 5232 apud
657 5163 831 5218 Aristotelem
849 5161 979 5216 eiusmodi
997 5163 1146 5226 enuntiata,
1166 5163 1240 5217 velut
1257 5179 1329 5216 nunc
1348 5164 1424 5218 Poet.
1444 5167 1468 5216 5.
1492 5160 1594 5218 1449λὸ
1611 5177 1668 5230 sqq.
1687 5159 1803 5228 expulsis
1824 5157 1976 5211 nominibus
1987 5151 2143 5224 Ἐπίχαρμος

383 5251 423 5302 καλ
442 5244 537 5320 Φόρμις
553 5251 593 5305 sio
612 5253 750 5306 construo:
769 5243 798 5302 τό
816 5247 844 5300 δὲ
863 5243 958 5319 μόθους
975 5253 1047 5302 ποιεῖν
1064 5281 1098 5290 -
1116 5243 1145 5302 τό
1163 5247 1207 5319 μὲν
1224 5249 1324 5318 πρῶτον
1352 5247 1502 5310 ἔαΣυιελίιις
1529 5240 1616 5316 ihtes,
1643 5247 1694 5301 ruia
1720 5243 1747 5297 δὲ
1766 5239 1898 5310 'istiuas
1925 5237 2022 5312 Κράτης
2048 5242 2145 5311 πρῶτος

384 5326 453 5404 ἦρξεν
470 5331 587 5407 ἀφέμενος
605 5339 649 5404 τῆς
660 5336 770 5407 iapheth
788 5335 853 5396 ἰδέας
869 5331 983 5389 καθόλου
1001 5339 1074 5388 ποιεῖν
1086 5330 1176 5403 λόγους
1194 5337 1235 5388 καὶ
1253 5331 1356 5405 μύθους,
1370 5355 1430 5393 nam
1444 5326 1524 5402 ἦλθεν
1537 5336 1608 5391 verbi
1625 5335 1774 5391 subiectum
1791 5349 1844 5388 uon
1859 5335 1902 5390 esi
1924 5324 1953 5383 τὸ
1967 5325 2062 5400 pleon
2075 5331 2147 5380 πῡῑῑῖν

384 5423 438 5490 sed,
458 5422 528 5494 quod
545 5423 718 5498 repetendum
736 5427 778 5480 eet
794 5441 825 5478 ex
844 5425 963 5480 clausula
980 5423 1121 5489 enuntiati,
1140 5417 1304 5476 τὸκαθόλου
1324 5431 1399 5482 ποιεῖν
1416 5420 1506 5493 λόγους
1525 5425 1565 5477 sni
1583 5417 1686 5494 μύθους.
