<?xml version="1.0" encoding="UTF-8"?>
<!DOCTYPE html PUBLIC "-//W3C//DTD XHTML 1.0 Transitional//EN"
    "http://www.w3.org/TR/xhtml1/DTD/xhtml1-transitional.dtd">
<html xmlns="http://www.w3.org/1999/xhtml" xml:lang="en" lang="en">
 <head>
  <title>
</title>
<meta http-equiv="Content-Type" content="text/html;charset=utf-8" />
  <meta name='ocr-system' content='tesseract 3.04.00' />
  <meta name='ocr-capabilities' content='ocr_page ocr_carea ocr_par ocr_line ocrx_word'/>
</head>
<body>
  <div class='ocr_page' id='page_1' title='image "./dearistotelispo00susegoog_0128.png"; bbox 0 0 4850 5918; ppageno 0'>
   <div class='ocr_carea' id='block_1_1' title="bbox 1239 373 1308 438">
    <p class='ocr_par' dir='ltr' id='par_1_1' title="bbox 1239 373 1308 438">
     <span class='ocr_line' id='line_1_1' title="bbox 1239 373 1308 438; baseline 0.014 -1"><span class='ocrx_word' id='word_1_1' title='bbox 1239 373 1308 438; x_wconf 92' lang='lat' dir='ltr'>XV</span> 
     </span>
    </p>
   </div>
   <div class='ocr_carea' id='block_1_2' title="bbox 422 584 2123 921">
    <p class='ocr_par' dir='ltr' id='par_1_2' title="bbox 422 584 2123 921">
     <span class='ocr_line' id='line_1_2' title="bbox 586 584 2123 672; baseline 0 -22"><span class='ocrx_word' id='word_1_2' title='bbox 586 586 690 650; x_wconf 74' lang='lat' dir='ltr'>1112b</span> <span class='ocrx_word' id='word_1_3' title='bbox 704 608 757 669; x_wconf 84' lang='lat'>³1·</span> <span class='ocrx_word' id='word_1_4' title='bbox 780 589 801 672; x_wconf 83' lang='grc' dir='ltr'>ἢ</span> <span class='ocrx_word' id='word_1_5' title='bbox 817 589 867 652; x_wconf 83' lang='grc' dir='ltr'>διὰ</span> <span class='ocrx_word' id='word_1_6' title='bbox 881 587 961 665; x_wconf 78' lang='grc' dir='ltr'><strong>τίνος</strong></span> <span class='ocrx_word' id='word_1_7' title='bbox 976 586 1092 650; x_wconf 91' lang='lat' dir='ltr'>verbis</span> <span class='ocrx_word' id='word_1_8' title='bbox 1107 587 1238 650; x_wconf 90' lang='lat' dir='ltr'>turbari</span> <span class='ocrx_word' id='word_1_9' title='bbox 1253 586 1453 651; x_wconf 81' lang='lat' dir='ltr'>sententiam</span> <span class='ocrx_word' id='word_1_10' title='bbox 1470 586 1552 650; x_wconf 90' lang='lat' dir='ltr'>satis</span> <span class='ocrx_word' id='word_1_11' title='bbox 1565 585 1713 650; x_wconf 85' lang='lat' dir='ltr'>ostendit</span> <span class='ocrx_word' id='word_1_12' title='bbox 1725 585 1815 649; x_wconf 87' lang='lat' dir='ltr'>idem</span> <span class='ocrx_word' id='word_1_13' title='bbox 1828 584 2123 669; x_wconf 81' lang='lat' dir='ltr'>Muenscher⁵³):</span> 
     </span>
     <span class='ocr_line' id='line_1_3' title="bbox 422 694 2123 798; baseline -0.001 -22"><span class='ocrx_word' id='word_1_14' title='bbox 422 711 565 777; x_wconf 91' lang='lat' dir='ltr'>coniecit</span> <span class='ocrx_word' id='word_1_15' title='bbox 580 694 694 798; x_wconf 83' lang='lat' dir='ltr'>igitur,</span> <span class='ocrx_word' id='word_1_16' title='bbox 715 712 811 794; x_wconf 91' lang='lat' dir='ltr'>quod</span> <span class='ocrx_word' id='word_1_17' title='bbox 828 710 952 795; x_wconf 84' lang='lat' dir='ltr'>recepi,</span> <span class='ocrx_word' id='word_1_18' title='bbox 976 713 1014 796; x_wconf 79' lang='grc' dir='ltr'>δὴ</span> <span class='ocrx_word' id='word_1_19' title='bbox 1038 712 1089 788; x_wconf 83' lang='grc' dir='ltr'>διά</span> <span class='ocrx_word' id='word_1_20' title='bbox 1110 732 1202 790; x_wconf 88' lang='grc' dir='ltr'><strong>τινος.</strong></span> <span class='ocrx_word' id='word_1_21' title='bbox 1236 711 1333 776; x_wconf 92' lang='lat' dir='ltr'>Nunc</span> <span class='ocrx_word' id='word_1_22' title='bbox 1357 731 1442 776; x_wconf 92' lang='lat' dir='ltr'>vero</span> <span class='ocrx_word' id='word_1_23' title='bbox 1465 708 1578 776; x_wconf 88' lang='lat' dir='ltr'>malim</span> <span class='ocrx_word' id='word_1_24' title='bbox 1603 732 1644 776; x_wconf 89' lang='lat' dir='ltr'>ea</span> <span class='ocrx_word' id='word_1_25' title='bbox 1667 709 1860 790; x_wconf 78' lang='lat' dir='ltr'>secludere:</span> <span class='ocrx_word' id='word_1_26' title='bbox 1884 711 2013 778; x_wconf 88' lang='lat' dir='ltr'>variam</span> <span class='ocrx_word' id='word_1_27' title='bbox 2037 713 2123 776; x_wconf 88' lang='lat' dir='ltr'>enirn</span> 
     </span>
     <span class='ocr_line' id='line_1_4' title="bbox 423 833 1497 921; baseline 0.001 -21"><span class='ocrx_word' id='word_1_28' title='bbox 423 834 602 902; x_wconf 87' lang='lat' dir='ltr'>lectionem</span> <span class='ocrx_word' id='word_1_29' title='bbox 626 839 677 903; x_wconf 81' lang='grc' dir='ltr'>διὰ</span> <span class='ocrx_word' id='word_1_30' title='bbox 698 836 779 914; x_wconf 82' lang='grc' dir='ltr'><strong>τίνος</strong></span> <span class='ocrx_word' id='word_1_31' title='bbox 801 856 866 920; x_wconf 90' lang='lat' dir='ltr'>pro</span> <span class='ocrx_word' id='word_1_32' title='bbox 888 833 927 902; x_wconf 82' lang='grc' dir='ltr'>δι’</span> <span class='ocrx_word' id='word_1_33' title='bbox 950 835 986 902; x_wconf 76' lang='grc' dir='ltr'>οὗ</span> <span class='ocrx_word' id='word_1_34' title='bbox 1011 835 1090 900; x_wconf 91' lang='lat' dir='ltr'>mihi</span> <span class='ocrx_word' id='word_1_35' title='bbox 1112 835 1306 921; x_wconf 81' lang='lat' dir='ltr'>significare</span> <span class='ocrx_word' id='word_1_36' title='bbox 1328 835 1497 901; x_wconf 88' lang='lat' dir='ltr'>videntur.</span> 
     </span>
    </p>
   </div>
   <div class='ocr_carea' id='block_1_3' title="bbox 353 977 2138 4065">
    <p class='ocr_par' dir='ltr' id='par_1_3' title="bbox 353 977 2138 4065">
     <span class='ocr_line' id='line_1_5' title="bbox 582 977 2122 1067; baseline 0.002 -23"><span class='ocrx_word' id='word_1_37' title='bbox 582 981 617 1044; x_wconf 91' lang='lat' dir='ltr'>ln</span> <span class='ocrx_word' id='word_1_38' title='bbox 633 981 856 1065; x_wconf 83' lang='lat' dir='ltr'>sequentibus</span> <span class='ocrx_word' id='word_1_39' title='bbox 873 1001 909 1064; x_wconf 86' lang='lat'>31</span> <span class='ocrx_word' id='word_1_40' title='bbox 931 1000 1008 1064; x_wconf 92' lang='lat' dir='ltr'>sqq.</span> <span class='ocrx_word' id='word_1_41' title='bbox 1024 982 1125 1046; x_wconf 81' lang='grc' dir='ltr'><strong>ἔοικεν</strong></span> <span class='ocrx_word' id='word_1_42' title='bbox 1140 977 1189 1063; x_wconf 72' lang='grc' dir='ltr'><strong>δὴ,</strong></span> <span class='ocrx_word' id='word_1_43' title='bbox 1205 981 1353 1066; x_wconf 73' lang='grc' dir='ltr'><strong>καθάπερ</strong></span> <span class='ocrx_word' id='word_1_44' title='bbox 1369 983 1494 1067; x_wconf 81' lang='grc' dir='ltr'><strong>εἴρηται,</strong></span> <span class='ocrx_word' id='word_1_45' title='bbox 1519 979 1687 1066; x_wconf 74' lang='grc' dir='ltr'><strong>ἄνθρωπος</strong></span> <span class='ocrx_word' id='word_1_46' title='bbox 1702 979 1778 1046; x_wconf 73' lang='grc' dir='ltr'><strong>εἶναι</strong></span> <span class='ocrx_word' id='word_1_47' title='bbox 1793 982 1875 1067; x_wconf 86' lang='grc' dir='ltr'><strong>ἀρχὴ</strong></span> <span class='ocrx_word' id='word_1_48' title='bbox 1889 991 1952 1046; x_wconf 78' lang='grc' dir='ltr'><strong>τῶν</strong></span> <span class='ocrx_word' id='word_1_49' title='bbox 1968 981 2122 1067; x_wconf 85' lang='grc' dir='ltr'><strong>πράξεων·</strong></span> 
     </span>
     <span class='ocr_line' id='line_1_6' title="bbox 421 1101 2124 1193; baseline 0 -22"><span class='ocrx_word' id='word_1_50' title='bbox 421 1108 492 1192; x_wconf 78' lang='grc' dir='ltr'>ἡδὲ</span> <span class='ocrx_word' id='word_1_51' title='bbox 508 1106 605 1192; x_wconf 81' lang='grc' dir='ltr'><strong>βουλὴ</strong></span> <span class='ocrx_word' id='word_1_52' title='bbox 627 1110 697 1193; x_wconf 79' lang='grc' dir='ltr'><strong>περὶ</strong></span> <span class='ocrx_word' id='word_1_53' title='bbox 719 1117 782 1172; x_wconf 84' lang='grc' dir='ltr'><strong>τῶν</strong></span> <span class='ocrx_word' id='word_1_54' title='bbox 805 1107 890 1192; x_wconf 81' lang='grc' dir='ltr'><strong>αὐτῷ</strong></span> <span class='ocrx_word' id='word_1_55' title='bbox 913 1115 1070 1192; x_wconf 80' lang='grc' dir='ltr'><strong>πρακτῶν,</strong></span> <span class='ocrx_word' id='word_1_56' title='bbox 1093 1106 1125 1170; x_wconf 79' lang='grc' dir='ltr'>αἱ</span> <span class='ocrx_word' id='word_1_57' title='bbox 1148 1105 1182 1170; x_wconf 84' lang='grc' dir='ltr'>δὲ</span> <span class='ocrx_word' id='word_1_58' title='bbox 1205 1105 1327 1191; x_wconf 81' lang='grc' dir='ltr'><strong>πράξεις</strong></span> <span class='ocrx_word' id='word_1_59' title='bbox 1347 1106 1456 1170; x_wconf 65' lang='grc' dir='ltr'><strong>,ἄλλων</strong></span> <span class='ocrx_word' id='word_1_60' title='bbox 1479 1106 1581 1171; x_wconf 79' lang='grc' dir='ltr'><strong>ἕνεκα.</strong></span> <span class='ocrx_word' id='word_1_61' title='bbox 1616 1107 1675 1169; x_wconf 83' lang='grc' dir='ltr'>οὐκ</span> <span class='ocrx_word' id='word_1_62' title='bbox 1697 1101 1747 1190; x_wconf 69' lang='grc' dir='ltr'>ἄρ’</span> <span class='ocrx_word' id='word_1_63' title='bbox 1768 1106 1807 1170; x_wconf 81' lang='grc' dir='ltr'>ἂν</span> <span class='ocrx_word' id='word_1_64' title='bbox 1829 1107 1877 1190; x_wconf 77' lang='grc' dir='ltr'>εἴη</span> <span class='ocrx_word' id='word_1_65' title='bbox 1899 1108 1935 1170; x_wconf 82' lang='grc' dir='ltr'><strong>τὸ</strong></span> <span class='ocrx_word' id='word_1_66' title='bbox 1959 1105 2124 1190; x_wconf 86' lang='grc' dir='ltr'><strong>βουλευτὸν</strong></span> 
     </span>
     <span class='ocr_line' id='line_1_7' title="bbox 421 1227 2125 1318; baseline 0.001 -23"><span class='ocrx_word' id='word_1_67' title='bbox 421 1235 456 1296; x_wconf 83' lang='grc' dir='ltr'><strong>τὸ</strong></span> <span class='ocrx_word' id='word_1_68' title='bbox 478 1231 577 1314; x_wconf 87' lang='grc' dir='ltr'><strong>τέλος,</strong></span> <span class='ocrx_word' id='word_1_69' title='bbox 606 1230 689 1298; x_wconf 83' lang='grc' dir='ltr'><strong>ἀλλὰ</strong></span> <span class='ocrx_word' id='word_1_70' title='bbox 711 1237 752 1298; x_wconf 79' lang='grc' dir='ltr'><strong>τὰ</strong></span> <span class='ocrx_word' id='word_1_71' title='bbox 773 1236 849 1318; x_wconf 82' lang='grc' dir='ltr'><strong>πρὸς</strong></span> <span class='ocrx_word' id='word_1_72' title='bbox 871 1233 912 1297; x_wconf 79' lang='grc' dir='ltr'><strong>τὰ</strong></span> <span class='ocrx_word' id='word_1_73' title='bbox 933 1232 1008 1317; x_wconf 87' lang='grc' dir='ltr'><strong>τέλη</strong></span> <span class='ocrx_word' id='word_1_74' title='bbox 1037 1231 1180 1296; x_wconf 84' lang='lat' dir='ltr'>offendit</span> <span class='ocrx_word' id='word_1_75' title='bbox 1207 1227 1439 1294; x_wconf 90' lang='lat' dir='ltr'>Ramsauer.</span> <span class='ocrx_word' id='word_1_76' title='bbox 1488 1228 1576 1308; x_wconf 85' lang='lat' dir='ltr'>,Qui</span> <span class='ocrx_word' id='word_1_77' title='bbox 1611 1228 1818 1312; x_wconf 83' lang='lat' dir='ltr'>scripserit“,</span> <span class='ocrx_word' id='word_1_78' title='bbox 1853 1227 1970 1312; x_wconf 89' lang='lat' dir='ltr'>inquit,</span> <span class='ocrx_word' id='word_1_79' title='bbox 2007 1233 2125 1312; x_wconf 76' lang='lat' dir='ltr'>„utum</span> 
     </span>
     <span class='ocr_line' id='line_1_8' title="bbox 421 1352 2123 1452; baseline 0.001 -34"><span class='ocrx_word' id='word_1_80' title='bbox 421 1371 560 1452; x_wconf 80' lang='lat' dir='ltr'>praeter</span> <span class='ocrx_word' id='word_1_81' title='bbox 583 1371 698 1421; x_wconf 91' lang='lat' dir='ltr'>cetera</span> <span class='ocrx_word' id='word_1_82' title='bbox 721 1368 875 1424; x_wconf 70' lang='lat' dir='ltr'>essesut</span> <span class='ocrx_word' id='word_1_83' title='bbox 897 1360 934 1423; x_wconf 84' lang='grc' dir='ltr'><strong>τὸ</strong></span> <span class='ocrx_word' id='word_1_84' title='bbox 956 1353 995 1422; x_wconf 86' lang='grc' dir='ltr'>δι’</span> <span class='ocrx_word' id='word_1_85' title='bbox 1015 1356 1186 1442; x_wconf 71' lang='grc' dir='ltr'><strong>ἀνθρώπου</strong></span> <span class='ocrx_word' id='word_1_86' title='bbox 1209 1352 1398 1440; x_wconf 75' lang='lat' dir='ltr'>(⁸3r-33),</span> <span class='ocrx_word' id='word_1_87' title='bbox 1423 1354 1513 1418; x_wconf 90' lang='lat' dir='ltr'>idem</span> <span class='ocrx_word' id='word_1_88' title='bbox 1536 1373 1618 1418; x_wconf 86' lang='lat' dir='ltr'>sane</span> <span class='ocrx_word' id='word_1_89' title='bbox 1634 1353 1727 1417; x_wconf 91' lang='lat' dir='ltr'>haud</span> <span class='ocrx_word' id='word_1_90' title='bbox 1743 1353 1939 1418; x_wconf 88' lang='lat' dir='ltr'>infitiabitur</span> <span class='ocrx_word' id='word_1_91' title='bbox 1956 1352 2123 1420; x_wconf 89' lang='lat' dir='ltr'>hominem</span> 
     </span>
     <span class='ocr_line' id='line_1_9' title="bbox 422 1478 2124 1568; baseline -0.001 -22"><span class='ocrx_word' id='word_1_92' title='bbox 422 1502 498 1546; x_wconf 90' lang='lat' dir='ltr'>esse</span> <span class='ocrx_word' id='word_1_93' title='bbox 520 1484 620 1567; x_wconf 81' lang='grc' dir='ltr'><strong>ἀρχὴν</strong></span> <span class='ocrx_word' id='word_1_94' title='bbox 643 1492 704 1549; x_wconf 82' lang='grc' dir='ltr'><strong>τῶν</strong></span> <span class='ocrx_word' id='word_1_95' title='bbox 726 1480 883 1568; x_wconf 74' lang='grc' dir='ltr'><strong>πράξεωντ</strong></span> <span class='ocrx_word' id='word_1_96' title='bbox 907 1479 1120 1545; x_wconf 87' lang='lat' dir='ltr'>nihilominus</span> <span class='ocrx_word' id='word_1_97' title='bbox 1145 1495 1291 1564; x_wconf 87' lang='lat' dir='ltr'>utraque</span> <span class='ocrx_word' id='word_1_98' title='bbox 1313 1499 1388 1545; x_wconf 84' lang='lat' dir='ltr'>vox</span> <span class='ocrx_word' id='word_1_99' title='bbox 1423 1498 1489 1543; x_wconf 95' lang='lat' dir='ltr'>non</span> <span class='ocrx_word' id='word_1_100' title='bbox 1522 1478 1613 1542; x_wconf 91' lang='lat' dir='ltr'>idem</span> <span class='ocrx_word' id='word_1_101' title='bbox 1647 1478 1804 1564; x_wconf 75' lang='grc' dir='ltr'>εἰρημένον</span> <span class='ocrx_word' id='word_1_102' title='bbox 1837 1493 1899 1558; x_wconf 75' lang='lat' dir='ltr'>est,</span> <span class='ocrx_word' id='word_1_103' title='bbox 1933 1495 1967 1545; x_wconf 89' lang='lat' dir='ltr'>et</span> <span class='ocrx_word' id='word_1_104' title='bbox 1998 1482 2124 1546; x_wconf 87' lang='lat' dir='ltr'>rectius</span> 
     </span>
     <span class='ocr_line' id='line_1_10' title="bbox 422 1601 2124 1694; baseline 0.002 -26"><span class='ocrx_word' id='word_1_105' title='bbox 422 1606 512 1669; x_wconf 90' lang='lat' dir='ltr'>istud</span> <span class='ocrx_word' id='word_1_106' title='bbox 536 1607 685 1694; x_wconf 68' lang='grc' dir='ltr'><strong>καθάπερ</strong></span> <span class='ocrx_word' id='word_1_107' title='bbox 708 1609 824 1692; x_wconf 75' lang='grc' dir='ltr'><strong>εἴρηται</strong></span> <span class='ocrx_word' id='word_1_108' title='bbox 846 1626 885 1670; x_wconf 89' lang='lat' dir='ltr'>se</span> <span class='ocrx_word' id='word_1_109' title='bbox 908 1605 1061 1684; x_wconf 89' lang='lat' dir='ltr'>haberet,</span> <span class='ocrx_word' id='word_1_110' title='bbox 1085 1605 1144 1692; x_wconf 82' lang='lat' dir='ltr'>ubi</span> <span class='ocrx_word' id='word_1_111' title='bbox 1161 1605 1406 1688; x_wconf 87' lang='lat' dir='ltr'>praecessisset</span> <span class='ocrx_word' id='word_1_112' title='bbox 1421 1602 1621 1687; x_wconf 90' lang='lat' dir='ltr'>disputati0,</span> <span class='ocrx_word' id='word_1_113' title='bbox 1646 1601 1757 1686; x_wconf 89' lang='lat' dir='ltr'>qualis</span> <span class='ocrx_word' id='word_1_114' title='bbox 1780 1603 1868 1667; x_wconf 90' lang='lat' dir='ltr'>Eud.</span> <span class='ocrx_word' id='word_1_115' title='bbox 1893 1603 1929 1682; x_wconf 91' lang='lat' dir='ltr'>B,</span> <span class='ocrx_word' id='word_1_116' title='bbox 1953 1607 1975 1669; x_wconf 91' lang='grc'><em>6</em></span> <span class='ocrx_word' id='word_1_117' title='bbox 1997 1604 2124 1692; x_wconf 85' lang='lat' dir='ltr'>legitur</span> 
     </span>
     <span class='ocr_line' id='line_1_11' title="bbox 353 1727 2122 1816; baseline 0.001 -20"><span class='ocrx_word' id='word_1_118' title='bbox 353 1803 356 1810; x_wconf 44' lang='lat'>,</span> <span class='ocrx_word' id='word_1_119' title='bbox 422 1727 510 1816; x_wconf 82' lang='grc' dir='ltr'><strong>(πρὸς</strong></span> <span class='ocrx_word' id='word_1_120' title='bbox 533 1733 568 1796; x_wconf 86' lang='grc' dir='ltr'>δὲ</span> <span class='ocrx_word' id='word_1_121' title='bbox 589 1731 709 1809; x_wconf 78' lang='grc' dir='ltr'><strong>τούτοις</strong></span> <span class='ocrx_word' id='word_1_122' title='bbox 732 1733 749 1796; x_wconf 82' lang='grc' dir='ltr'>ὁ</span> <span class='ocrx_word' id='word_1_123' title='bbox 771 1729 802 1816; x_wconf 82' lang='grc' dir='ltr'>γ’</span> <span class='ocrx_word' id='word_1_124' title='bbox 822 1732 988 1816; x_wconf 69' lang='grc' dir='ltr'><strong>ἄνθρωπος</strong></span> <span class='ocrx_word' id='word_1_125' title='bbox 1011 1733 1064 1796; x_wconf 80' lang='grc' dir='ltr'>καί</span> <span class='ocrx_word' id='word_1_126' title='bbox 1086 1728 1228 1815; x_wconf 78' lang='grc' dir='ltr'><strong>πράξεών</strong></span> <span class='ocrx_word' id='word_1_127' title='bbox 1251 1729 1342 1795; x_wconf 84' lang='grc' dir='ltr'><strong>τινών</strong></span> <span class='ocrx_word' id='word_1_128' title='bbox 1365 1727 1447 1794; x_wconf 82' lang='grc' dir='ltr'><strong>ἐστιν</strong></span> <span class='ocrx_word' id='word_1_129' title='bbox 1470 1730 1552 1815; x_wconf 79' lang='grc' dir='ltr'><strong>ἀρχὴ</strong></span> <span class='ocrx_word' id='word_1_130' title='bbox 1569 1729 1662 1814; x_wconf 75' lang='grc' dir='ltr'><strong>μόνον</strong></span> <span class='ocrx_word' id='word_1_131' title='bbox 1677 1738 1740 1794; x_wconf 83' lang='grc' dir='ltr'><strong>τῶν</strong></span> <span class='ocrx_word' id='word_1_132' title='bbox 1755 1727 1846 1814; x_wconf 79' lang='grc' dir='ltr'><strong>ζῴων</strong></span> <span class='ocrx_word' id='word_1_133' title='bbox 1864 1730 1977 1809; x_wconf 67' lang='lat' dir='ltr'>mab,</span> <span class='ocrx_word' id='word_1_134' title='bbox 1991 1731 2122 1816; x_wconf 88' lang='lat' dir='ltr'>8sqq.).</span> 
     </span>
     <span class='ocr_line' id='line_1_12' title="bbox 423 1852 2138 1950; baseline 0.002 -33"><span class='ocrx_word' id='word_1_135' title='bbox 423 1852 579 1934; x_wconf 84' lang='lat' dir='ltr'>Accedit,</span> <span class='ocrx_word' id='word_1_136' title='bbox 603 1870 640 1919; x_wconf 94' lang='lat' dir='ltr'>ut</span> <span class='ocrx_word' id='word_1_137' title='bbox 663 1856 728 1920; x_wconf 88' lang='lat' dir='ltr'>ista</span> <span class='ocrx_word' id='word_1_138' title='bbox 751 1855 917 1920; x_wconf 86' lang='lat' dir='ltr'>sententia</span> <span class='ocrx_word' id='word_1_139' title='bbox 940 1854 1007 1918; x_wconf 92' lang='lat' dir='ltr'>hoc</span> <span class='ocrx_word' id='word_1_140' title='bbox 1031 1854 1170 1938; x_wconf 90' lang='lat' dir='ltr'>quidem</span> <span class='ocrx_word' id='word_1_141' title='bbox 1193 1853 1272 1918; x_wconf 92' lang='lat' dir='ltr'>loco</span> <span class='ocrx_word' id='word_1_142' title='bbox 1299 1873 1421 1937; x_wconf 88' lang='lat' dir='ltr'>parurn</span> <span class='ocrx_word' id='word_1_143' title='bbox 1449 1853 1494 1916; x_wconf 93' lang='lat' dir='ltr'>ad</span> <span class='ocrx_word' id='word_1_144' title='bbox 1529 1874 1601 1917; x_wconf 91' lang='lat' dir='ltr'>rem</span> <span class='ocrx_word' id='word_1_145' title='bbox 1636 1853 1751 1929; x_wconf 80' lang='lat' dir='ltr'>saciat3</span> <span class='ocrx_word' id='word_1_146' title='bbox 1787 1874 1878 1936; x_wconf 88' lang='lat' dir='ltr'>quae</span> <span class='ocrx_word' id='word_1_147' title='bbox 1913 1855 1998 1920; x_wconf 93' lang='lat' dir='ltr'>enim</span> <span class='ocrx_word' id='word_1_148' title='bbox 2034 1858 2138 1950; x_wconf 15' lang='lat' dir='ltr'>duae!</span> 
     </span>
     <span class='ocr_line' id='line_1_13' title="bbox 423 1976 2122 2067; baseline 0.002 -25"><span class='ocrx_word' id='word_1_149' title='bbox 423 1979 611 2046; x_wconf 85' lang='lat' dir='ltr'>sententiae</span> <span class='ocrx_word' id='word_1_150' title='bbox 634 1979 668 2067; x_wconf 75' lang='grc' dir='ltr'>(ἡ</span> <span class='ocrx_word' id='word_1_151' title='bbox 690 1982 724 2046; x_wconf 84' lang='grc' dir='ltr'>δέ</span> <span class='ocrx_word' id='word_1_152' title='bbox 747 1980 843 2067; x_wconf 82' lang='grc' dir='ltr'><strong>βουλὴ</strong></span> <span class='ocrx_word' id='word_1_153' title='bbox 866 2004 898 2046; x_wconf 89' lang='grc' dir='ltr'>κ.</span> <span class='ocrx_word' id='word_1_154' title='bbox 920 2003 948 2046; x_wconf 88' lang='grc' dir='ltr'>τ.</span> <span class='ocrx_word' id='word_1_155' title='bbox 973 1982 1003 2047; x_wconf 87' lang='grc' dir='ltr'>λ.</span> <span class='ocrx_word' id='word_1_156' title='bbox 1026 1980 1088 2062; x_wconf 79' lang='lat'>¹³32</span> <span class='ocrx_word' id='word_1_157' title='bbox 1113 1994 1147 2043; x_wconf 86' lang='lat' dir='ltr'>et</span> <span class='ocrx_word' id='word_1_158' title='bbox 1170 1980 1202 2044; x_wconf 79' lang='grc' dir='ltr'>αἱ</span> <span class='ocrx_word' id='word_1_159' title='bbox 1224 1981 1258 2045; x_wconf 87' lang='grc' dir='ltr'>δὲ</span> <span class='ocrx_word' id='word_1_160' title='bbox 1281 1979 1404 2066; x_wconf 72' lang='grc' dir='ltr'><strong>πράξεις</strong></span> <span class='ocrx_word' id='word_1_161' title='bbox 1427 2001 1458 2044; x_wconf 87' lang='grc' dir='ltr'>κ.</span> <span class='ocrx_word' id='word_1_162' title='bbox 1473 2002 1502 2044; x_wconf 91' lang='grc' dir='ltr'>τ.</span> <span class='ocrx_word' id='word_1_163' title='bbox 1518 1981 1547 2044; x_wconf 95' lang='grc' dir='ltr'><strong>λ.</strong></span> <span class='ocrx_word' id='word_1_164' title='bbox 1571 1976 1648 2061; x_wconf 84' lang='lat' dir='ltr'>l&#39;33)</span> <span class='ocrx_word' id='word_1_165' title='bbox 1672 1979 1884 2044; x_wconf 82' lang='lat' dir='ltr'>necessariae</span> <span class='ocrx_word' id='word_1_166' title='bbox 1906 1997 1984 2044; x_wconf 90' lang='lat' dir='ltr'>sunt</span> <span class='ocrx_word' id='word_1_167' title='bbox 2007 1982 2053 2046; x_wconf 91' lang='lat' dir='ltr'>ad</span> <span class='ocrx_word' id='word_1_168' title='bbox 2077 1983 2122 2061; x_wconf 90' lang='lat' dir='ltr'>id,</span> 
     </span>
     <span class='ocr_line' id='line_1_14' title="bbox 423 2101 2122 2192; baseline 0.002 -25"><span class='ocrx_word' id='word_1_169' title='bbox 423 2124 494 2187; x_wconf 91' lang='lat' dir='ltr'>quo</span> <span class='ocrx_word' id='word_1_170' title='bbox 517 2105 666 2170; x_wconf 83' lang='lat' dir='ltr'>tenditur</span> <span class='ocrx_word' id='word_1_171' title='bbox 688 2104 748 2188; x_wconf 71' lang='lat' dir='ltr'>(dn</span> <span class='ocrx_word' id='word_1_172' title='bbox 772 2106 936 2192; x_wconf 82' lang='grc' dir='ltr'><strong>βουλευτὸν</strong></span> <span class='ocrx_word' id='word_1_173' title='bbox 959 2109 996 2171; x_wconf 84' lang='grc' dir='ltr'><strong>τὸ</strong></span> <span class='ocrx_word' id='word_1_174' title='bbox 1018 2108 1094 2191; x_wconf 76' lang='grc' dir='ltr'><strong>πρὸς</strong></span> <span class='ocrx_word' id='word_1_175' title='bbox 1116 2107 1153 2171; x_wconf 85' lang='grc' dir='ltr'><strong>τὸ</strong></span> <span class='ocrx_word' id='word_1_176' title='bbox 1175 2101 1286 2189; x_wconf 83' lang='grc' dir='ltr'><strong>τέλος),</strong></span> <span class='ocrx_word' id='word_1_177' title='bbox 1310 2123 1374 2168; x_wconf 87' lang='lat' dir='ltr'>eae</span> <span class='ocrx_word' id='word_1_178' title='bbox 1395 2102 1453 2168; x_wconf 88' lang='lat' dir='ltr'>illa</span> <span class='ocrx_word' id='word_1_179' title='bbox 1477 2117 1652 2186; x_wconf 89' lang='lat' dir='ltr'>tamquam</span> <span class='ocrx_word' id='word_1_180' title='bbox 1668 2104 1888 2169; x_wconf 79' lang='lat' dir='ltr'>fundamento</span> <span class='ocrx_word' id='word_1_181' title='bbox 1905 2123 1970 2169; x_wconf 93' lang='lat' dir='ltr'>non</span> <span class='ocrx_word' id='word_1_182' title='bbox 1987 2113 2122 2191; x_wconf 85' lang='lat' dir='ltr'>egent“.</span> 
     </span>
     <span class='ocr_line' id='line_1_15' title="bbox 423 2221 2123 2312; baseline 0.002 -18"><span class='ocrx_word' id='word_1_183' title='bbox 423 2227 611 2294; x_wconf 86' lang='lat' dir='ltr'>Offensioni</span> <span class='ocrx_word' id='word_1_184' title='bbox 627 2229 724 2294; x_wconf 90' lang='lat' dir='ltr'>alteri</span> <span class='ocrx_word' id='word_1_185' title='bbox 741 2229 968 2295; x_wconf 89' lang='lat' dir='ltr'>Stewartus</span> <span class='ocrx_word' id='word_1_186' title='bbox 984 2229 1150 2312; x_wconf 90' lang='lat' dir='ltr'>opposuit</span> <span class='ocrx_word' id='word_1_187' title='bbox 1166 2229 1264 2293; x_wconf 89' lang='lat' dir='ltr'>haec:</span> <span class='ocrx_word' id='word_1_188' title='bbox 1291 2227 1455 2312; x_wconf 88' lang='lat' dir='ltr'>„Strictly</span> <span class='ocrx_word' id='word_1_189' title='bbox 1473 2243 1546 2293; x_wconf 91' lang='lat' dir='ltr'>not:</span> <span class='ocrx_word' id='word_1_190' title='bbox 1563 2228 1625 2292; x_wconf 90' lang='lat' dir='ltr'>but</span> <span class='ocrx_word' id='word_1_191' title='bbox 1641 2225 1760 2312; x_wconf 85' lang='lat' dir='ltr'>surely</span> <span class='ocrx_word' id='word_1_192' title='bbox 1776 2228 1874 2293; x_wconf 88' lang='lat' dir='ltr'>these</span> <span class='ocrx_word' id='word_1_193' title='bbox 1889 2228 1991 2295; x_wconf 91' lang='lat' dir='ltr'>latter</span> <span class='ocrx_word' id='word_1_194' title='bbox 2007 2221 2123 2297; x_wconf 82' lang='lat' dir='ltr'>words</span> 
     </span>
     <span class='ocr_line' id='line_1_16' title="bbox 422 2351 2124 2440; baseline 0.002 -23"><span class='ocrx_word' id='word_1_195' title='bbox 422 2355 512 2420; x_wconf 90' lang='lat' dir='ltr'>have</span> <span class='ocrx_word' id='word_1_196' title='bbox 534 2353 600 2419; x_wconf 91' lang='lat' dir='ltr'>this</span> <span class='ocrx_word' id='word_1_197' title='bbox 617 2355 760 2440; x_wconf 89' lang='lat' dir='ltr'>bearing</span> <span class='ocrx_word' id='word_1_198' title='bbox 776 2375 819 2418; x_wconf 88' lang='lat' dir='ltr'>nn</span> <span class='ocrx_word' id='word_1_199' title='bbox 845 2355 936 2420; x_wconf 85' lang='lat' dir='ltr'>what</span> <span class='ocrx_word' id='word_1_200' title='bbox 961 2353 1108 2432; x_wconf 84' lang='lat' dir='ltr'>follows,</span> <span class='ocrx_word' id='word_1_201' title='bbox 1131 2354 1206 2419; x_wconf 92' lang='lat' dir='ltr'>that</span> <span class='ocrx_word' id='word_1_202' title='bbox 1229 2353 1313 2438; x_wconf 90' lang='lat' dir='ltr'>they</span> <span class='ocrx_word' id='word_1_203' title='bbox 1337 2374 1438 2420; x_wconf 89' lang='lat' dir='ltr'>serve</span> <span class='ocrx_word' id='word_1_204' title='bbox 1460 2369 1498 2417; x_wconf 94' lang='lat' dir='ltr'>to</span> <span class='ocrx_word' id='word_1_205' title='bbox 1522 2352 1700 2418; x_wconf 88' lang='lat' dir='ltr'>introduce</span> <span class='ocrx_word' id='word_1_206' title='bbox 1728 2351 1783 2436; x_wconf 84' lang='lat' dir='ltr'>(or</span> <span class='ocrx_word' id='word_1_207' title='bbox 1806 2353 2036 2439; x_wconf 89' lang='lat' dir='ltr'>reintroduce)</span> <span class='ocrx_word' id='word_1_208' title='bbox 2065 2357 2124 2422; x_wconf 92' lang='lat' dir='ltr'>the</span> 
     </span>
     <span class='ocr_line' id='line_1_17' title="bbox 421 2477 2124 2569; baseline -0.002 -21"><span class='ocrx_word' id='word_1_209' title='bbox 421 2492 483 2548; x_wconf 80' lang='grc' dir='ltr'><strong>τῶν</strong></span> <span class='ocrx_word' id='word_1_210' title='bbox 507 2484 592 2568; x_wconf 74' lang='grc' dir='ltr'><strong>αὐτῷ</strong></span> <span class='ocrx_word' id='word_1_211' title='bbox 615 2493 763 2569; x_wconf 76' lang='grc' dir='ltr'><strong>πρακτῶν</strong></span> <span class='ocrx_word' id='word_1_212' title='bbox 786 2482 852 2548; x_wconf 91' lang='lat' dir='ltr'>and</span> <span class='ocrx_word' id='word_1_213' title='bbox 877 2484 935 2548; x_wconf 92' lang='lat' dir='ltr'>the</span> <span class='ocrx_word' id='word_1_214' title='bbox 957 2482 1092 2568; x_wconf 77' lang='grc' dir='ltr'><strong>πράξεις,</strong></span> <span class='ocrx_word' id='word_1_215' title='bbox 1115 2480 1227 2546; x_wconf 89' lang='lat' dir='ltr'>which</span> <span class='ocrx_word' id='word_1_216' title='bbox 1251 2501 1321 2558; x_wconf 89' lang='lat' dir='ltr'>are,</span> <span class='ocrx_word' id='word_1_217' title='bbox 1345 2479 1376 2542; x_wconf 92' lang='lat' dir='ltr'>in</span> <span class='ocrx_word' id='word_1_218' title='bbox 1401 2477 1636 2543; x_wconf 88' lang='lat' dir='ltr'>Ramauer&#39;s</span> <span class='ocrx_word' id='word_1_219' title='bbox 1659 2478 1761 2557; x_wconf 85' lang='lat' dir='ltr'>view,</span> <span class='ocrx_word' id='word_1_220' title='bbox 1789 2499 1972 2564; x_wconf 88' lang='lat' dir='ltr'>necessary</span> <span class='ocrx_word' id='word_1_221' title='bbox 2005 2496 2042 2545; x_wconf 89' lang='lat' dir='ltr'>to</span> <span class='ocrx_word' id='word_1_222' title='bbox 2065 2481 2124 2546; x_wconf 94' lang='lat' dir='ltr'>the</span> 
     </span>
     <span class='ocr_line' id='line_1_18' title="bbox 422 2601 2123 2690; baseline 0.001 -22"><span class='ocrx_word' id='word_1_223' title='bbox 422 2601 650 2672; x_wconf 84' lang='lat' dir='ltr'>‘conclusion’.</span> <span class='ocrx_word' id='word_1_224' title='bbox 685 2607 722 2686; x_wconf 84' lang='lat' dir='ltr'>lt,</span> <span class='ocrx_word' id='word_1_225' title='bbox 747 2607 931 2686; x_wconf 89' lang='lat' dir='ltr'>howewer,</span> <span class='ocrx_word' id='word_1_226' title='bbox 958 2627 1011 2672; x_wconf 90' lang='lat' dir='ltr'>we</span> <span class='ocrx_word' id='word_1_227' title='bbox 1034 2606 1152 2672; x_wconf 84' lang='lat' dir='ltr'>follow</span> <span class='ocrx_word' id='word_1_228' title='bbox 1176 2606 1366 2690; x_wconf 88' lang='lat' dir='ltr'>Bywater</span> <span class='ocrx_word' id='word_1_229' title='bbox 1389 2603 1420 2668; x_wconf 90' lang='lat' dir='ltr'>in</span> <span class='ocrx_word' id='word_1_230' title='bbox 1443 2603 1615 2688; x_wconf 85' lang='lat' dir='ltr'>adopting</span> <span class='ocrx_word' id='word_1_231' title='bbox 1637 2603 1696 2667; x_wconf 87' lang='lat' dir='ltr'>the</span> <span class='ocrx_word' id='word_1_232' title='bbox 1723 2605 1760 2669; x_wconf 85' lang='grc' dir='ltr'>οὐ</span> <span class='ocrx_word' id='word_1_233' title='bbox 1782 2607 1843 2690; x_wconf 81' lang='grc' dir='ltr'>γὰρ</span> <span class='ocrx_word' id='word_1_234' title='bbox 1865 2605 1903 2670; x_wconf 78' lang='grc' dir='ltr'>ἂν</span> <span class='ocrx_word' id='word_1_235' title='bbox 1927 2607 1973 2690; x_wconf 75' lang='grc' dir='ltr'>εἴη</span> <span class='ocrx_word' id='word_1_236' title='bbox 1998 2605 2123 2690; x_wconf 87' lang='grc' dir='ltr'><strong>βουλευ-</strong></span> 
     </span>
     <span class='ocr_line' id='line_1_19' title="bbox 421 2727 2123 2816; baseline 0.001 -22"><span class='ocrx_word' id='word_1_237' title='bbox 421 2730 475 2796; x_wconf 81' lang='grc' dir='ltr'>τόν</span> <span class='ocrx_word' id='word_1_238' title='bbox 498 2729 539 2793; x_wconf 89' lang='lat' dir='ltr'>of</span> <span class='ocrx_word' id='word_1_239' title='bbox 557 2731 611 2794; x_wconf 97' lang='grc' dir='ltr'><strong>Κλ</strong></span> <span class='ocrx_word' id='word_1_240' title='bbox 633 2731 665 2795; x_wconf 93' lang='lat' dir='ltr'>in</span> <span class='ocrx_word' id='word_1_241' title='bbox 689 2730 790 2814; x_wconf 90' lang='lat' dir='ltr'>place</span> <span class='ocrx_word' id='word_1_242' title='bbox 813 2732 850 2796; x_wconf 83' lang='lat' dir='ltr'>ot</span> <span class='ocrx_word' id='word_1_243' title='bbox 872 2731 930 2795; x_wconf 91' lang='lat' dir='ltr'>the</span> <span class='ocrx_word' id='word_1_244' title='bbox 953 2729 1013 2795; x_wconf 92' lang='lat' dir='ltr'>old</span> <span class='ocrx_word' id='word_1_245' title='bbox 1036 2735 1096 2796; x_wconf 83' lang='grc' dir='ltr'>οὐκ</span> <span class='ocrx_word' id='word_1_246' title='bbox 1118 2733 1156 2798; x_wconf 81' lang='grc' dir='ltr'>ἂν</span> <span class='ocrx_word' id='word_1_247' title='bbox 1175 2729 1230 2796; x_wconf 80' lang='grc' dir='ltr'>οὖν</span> <span class='ocrx_word' id='word_1_248' title='bbox 1253 2733 1300 2816; x_wconf 75' lang='grc' dir='ltr'>εἴη</span> <span class='ocrx_word' id='word_1_249' title='bbox 1316 2730 1355 2816; x_wconf 84' lang='grc' dir='ltr'><strong>β,</strong></span> <span class='ocrx_word' id='word_1_250' title='bbox 1371 2729 1626 2794; x_wconf 84' lang='lat' dir='ltr'>Ramsauer&#39;s</span> <span class='ocrx_word' id='word_1_251' title='bbox 1649 2727 1817 2812; x_wconf 86' lang='lat' dir='ltr'>difficulty</span> <span class='ocrx_word' id='word_1_252' title='bbox 1835 2727 1903 2793; x_wconf 88' lang='lat' dir='ltr'>will</span> <span class='ocrx_word' id='word_1_253' title='bbox 1920 2745 1979 2794; x_wconf 92' lang='lat' dir='ltr'>not</span> <span class='ocrx_word' id='word_1_254' title='bbox 2002 2731 2123 2795; x_wconf 85' lang='lat' dir='ltr'>arise“.</span> 
     </span>
     <span class='ocr_line' id='line_1_20' title="bbox 423 2853 2123 2942; baseline 0.001 -22"><span class='ocrx_word' id='word_1_255' title='bbox 423 2854 471 2920; x_wconf 92' lang='lat' dir='ltr'>At</span> <span class='ocrx_word' id='word_1_256' title='bbox 495 2869 604 2920; x_wconf 88' lang='lat' dir='ltr'>totum</span> <span class='ocrx_word' id='word_1_257' title='bbox 629 2871 733 2939; x_wconf 92' lang='lat' dir='ltr'>caput</span> <span class='ocrx_word' id='word_1_258' title='bbox 758 2877 801 2920; x_wconf 90' lang='lat' dir='ltr'>eo</span> <span class='ocrx_word' id='word_1_259' title='bbox 824 2855 949 2942; x_wconf 82' lang='lat' dir='ltr'>vergit,</span> <span class='ocrx_word' id='word_1_260' title='bbox 978 2871 1015 2920; x_wconf 93' lang='lat' dir='ltr'>ut</span> <span class='ocrx_word' id='word_1_261' title='bbox 1049 2857 1301 2920; x_wconf 89' lang='lat' dir='ltr'>demonstretur</span> <span class='ocrx_word' id='word_1_262' title='bbox 1333 2853 1616 2920; x_wconf 89' lang='lat' dir='ltr'>consultationem</span> <span class='ocrx_word' id='word_1_263' title='bbox 1651 2873 1717 2918; x_wconf 94' lang='lat' dir='ltr'>non</span> <span class='ocrx_word' id='word_1_264' title='bbox 1751 2855 1918 2918; x_wconf 88' lang='lat' dir='ltr'>adfinem</span> <span class='ocrx_word' id='word_1_265' title='bbox 1953 2857 2123 2922; x_wconf 90' lang='lat' dir='ltr'>actionum</span> 
     </span>
     <span class='ocr_line' id='line_1_21' title="bbox 422 2978 2123 3066; baseline 0.002 -22"><span class='ocrx_word' id='word_1_266' title='bbox 422 2995 592 3063; x_wconf 88' lang='lat' dir='ltr'>spectare,</span> <span class='ocrx_word' id='word_1_267' title='bbox 615 2983 677 3046; x_wconf 90' lang='lat' dir='ltr'>sed</span> <span class='ocrx_word' id='word_1_268' title='bbox 701 2983 746 3046; x_wconf 84' lang='lat' dir='ltr'>ad</span> <span class='ocrx_word' id='word_1_269' title='bbox 771 3004 821 3061; x_wconf 87' lang='lat' dir='ltr'>ea,</span> <span class='ocrx_word' id='word_1_270' title='bbox 846 3003 937 3066; x_wconf 90' lang='lat' dir='ltr'>quae</span> <span class='ocrx_word' id='word_1_271' title='bbox 960 2981 1149 3066; x_wconf 86' lang='lat' dir='ltr'>pertineant</span> <span class='ocrx_word' id='word_1_272' title='bbox 1180 2982 1225 3045; x_wconf 89' lang='lat' dir='ltr'>ad</span> <span class='ocrx_word' id='word_1_273' title='bbox 1259 2982 1349 3045; x_wconf 90' lang='lat' dir='ltr'>hunc</span> <span class='ocrx_word' id='word_1_274' title='bbox 1382 2982 1482 3045; x_wconf 89' lang='lat' dir='ltr'>finem</span> <span class='ocrx_word' id='word_1_275' title='bbox 1517 2981 1780 3065; x_wconf 86' lang='lat' dir='ltr'>assequendum.</span> <span class='ocrx_word' id='word_1_276' title='bbox 1837 2978 2123 3047; x_wconf 90' lang='lat' dir='ltr'>Consecutionem</span> 
     </span>
     <span class='ocr_line' id='line_1_22' title="bbox 422 3104 2124 3190; baseline 0.003 -23"><span class='ocrx_word' id='word_1_277' title='bbox 422 3105 527 3190; x_wconf 85' lang='lat' dir='ltr'>igitur</span> <span class='ocrx_word' id='word_1_278' title='bbox 550 3106 636 3171; x_wconf 91' lang='lat' dir='ltr'>haec</span> <span class='ocrx_word' id='word_1_279' title='bbox 659 3107 767 3171; x_wconf 90' lang='lat' dir='ltr'>verba</span> <span class='ocrx_word' id='word_1_280' title='bbox 791 3107 946 3185; x_wconf 84' lang='lat' dir='ltr'>afferunt,</span> <span class='ocrx_word' id='word_1_281' title='bbox 983 3125 1050 3170; x_wconf 93' lang='lat' dir='ltr'>non</span> <span class='ocrx_word' id='word_1_282' title='bbox 1074 3126 1223 3186; x_wconf 87' lang='lat' dir='ltr'>causam,</span> <span class='ocrx_word' id='word_1_283' title='bbox 1254 3105 1316 3170; x_wconf 91' lang='lat' dir='ltr'>nisi</span> <span class='ocrx_word' id='word_1_284' title='bbox 1344 3104 1505 3170; x_wconf 86' lang='lat' dir='ltr'>circulum</span> <span class='ocrx_word' id='word_1_285' title='bbox 1540 3120 1692 3170; x_wconf 88' lang='lat' dir='ltr'>statuere</span> <span class='ocrx_word' id='word_1_286' title='bbox 1726 3104 1886 3171; x_wconf 88' lang='lat' dir='ltr'>volumus</span> <span class='ocrx_word' id='word_1_287' title='bbox 1921 3105 1951 3170; x_wconf 90' lang='lat' dir='ltr'>in</span> <span class='ocrx_word' id='word_1_288' title='bbox 1986 3107 2124 3172; x_wconf 91' lang='lat' dir='ltr'>demon·</span> 
     </span>
     <span class='ocr_line' id='line_1_23' title="bbox 423 3229 2123 3317; baseline 0.001 -23"><span class='ocrx_word' id='word_1_289' title='bbox 423 3231 575 3310; x_wconf 90' lang='lat' dir='ltr'>strando,</span> <span class='ocrx_word' id='word_1_290' title='bbox 599 3252 661 3297; x_wconf 88' lang='lat' dir='ltr'>nec</span> <span class='ocrx_word' id='word_1_291' title='bbox 676 3252 819 3316; x_wconf 89' lang='lat' dir='ltr'>possum</span> <span class='ocrx_word' id='word_1_292' title='bbox 835 3233 919 3298; x_wconf 85' lang='lat' dir='ltr'>satis</span> <span class='ocrx_word' id='word_1_293' title='bbox 934 3233 1057 3312; x_wconf 86' lang='lat' dir='ltr'>mirari,</span> <span class='ocrx_word' id='word_1_294' title='bbox 1076 3234 1170 3317; x_wconf 91' lang='lat' dir='ltr'>quod</span> <span class='ocrx_word' id='word_1_295' title='bbox 1187 3231 1251 3298; x_wconf 89' lang='lat' dir='ltr'>hoc</span> <span class='ocrx_word' id='word_1_296' title='bbox 1268 3251 1335 3296; x_wconf 92' lang='lat' dir='ltr'>non</span> <span class='ocrx_word' id='word_1_297' title='bbox 1350 3229 1592 3296; x_wconf 87' lang='lat' dir='ltr'>intellexerunt</span> <span class='ocrx_word' id='word_1_298' title='bbox 1615 3230 1805 3314; x_wconf 88' lang='lat' dir='ltr'>Bywater</span> <span class='ocrx_word' id='word_1_299' title='bbox 1828 3246 1863 3295; x_wconf 88' lang='lat' dir='ltr'>et</span> <span class='ocrx_word' id='word_1_300' title='bbox 1885 3230 2123 3297; x_wconf 89' lang='lat' dir='ltr'>Stewartus.</span> 
     </span>
     <span class='ocr_line' id='line_1_24' title="bbox 423 3341 2124 3441; baseline 0.003 -24"><span class='ocrx_word' id='word_1_301' title='bbox 423 3355 532 3440; x_wconf 88' lang='lat' dir='ltr'>Recte</span> <span class='ocrx_word' id='word_1_302' title='bbox 546 3341 661 3440; x_wconf 84' lang='lat' dir='ltr'>igitur,</span> <span class='ocrx_word' id='word_1_303' title='bbox 685 3356 713 3420; x_wconf 88' lang='lat' dir='ltr'>si</span> <span class='ocrx_word' id='word_1_304' title='bbox 728 3355 837 3421; x_wconf 86' lang='lat' dir='ltr'>solam</span> <span class='ocrx_word' id='word_1_305' title='bbox 854 3357 1054 3422; x_wconf 88' lang='lat' dir='ltr'>sententiam</span> <span class='ocrx_word' id='word_1_306' title='bbox 1077 3357 1286 3441; x_wconf 85' lang='lat' dir='ltr'>respicimus,</span> <span class='ocrx_word' id='word_1_307' title='bbox 1311 3359 1370 3421; x_wconf 84' lang='grc' dir='ltr'>οὐκ</span> <span class='ocrx_word' id='word_1_308' title='bbox 1385 3358 1423 3423; x_wconf 78' lang='grc' dir='ltr'>ἂν</span> <span class='ocrx_word' id='word_1_309' title='bbox 1439 3353 1493 3422; x_wconf 80' lang='grc' dir='ltr'>οὖν</span> <span class='ocrx_word' id='word_1_310' title='bbox 1508 3355 1657 3420; x_wconf 85' lang='lat' dir='ltr'>offerunt</span> <span class='ocrx_word' id='word_1_311' title='bbox 1679 3353 1988 3436; x_wconf 66' lang='lat' dir='ltr'>LbObC⁶P2A1d.,</span> <span class='ocrx_word' id='word_1_312' title='bbox 2007 3357 2124 3422; x_wconf 90' lang='lat' dir='ltr'>nihilo·</span> 
     </span>
     <span class='ocr_line' id='line_1_25' title="bbox 423 3479 2123 3567; baseline 0.004 -25"><span class='ocrx_word' id='word_1_313' title='bbox 423 3479 596 3545; x_wconf 90' lang='lat' dir='ltr'>minusne</span> <span class='ocrx_word' id='word_1_314' title='bbox 624 3480 710 3544; x_wconf 89' lang='lat' dir='ltr'>haec</span> <span class='ocrx_word' id='word_1_315' title='bbox 737 3481 876 3564; x_wconf 88' lang='lat' dir='ltr'>quidem</span> <span class='ocrx_word' id='word_1_316' title='bbox 900 3498 952 3548; x_wconf 89' lang='lat' dir='ltr'>est</span> <span class='ocrx_word' id='word_1_317' title='bbox 978 3497 1074 3547; x_wconf 90' lang='lat' dir='ltr'>recta</span> <span class='ocrx_word' id='word_1_318' title='bbox 1097 3481 1210 3563; x_wconf 87' lang='lat' dir='ltr'>lecti0,</span> <span class='ocrx_word' id='word_1_319' title='bbox 1234 3483 1296 3547; x_wconf 90' lang='lat' dir='ltr'>sed</span> <span class='ocrx_word' id='word_1_320' title='bbox 1326 3480 1455 3546; x_wconf 90' lang='lat' dir='ltr'>leniore</span> <span class='ocrx_word' id='word_1_321' title='bbox 1486 3479 1640 3545; x_wconf 90' lang='lat' dir='ltr'>adhibita</span> <span class='ocrx_word' id='word_1_322' title='bbox 1672 3481 1884 3547; x_wconf 88' lang='lat' dir='ltr'>correctione</span> <span class='ocrx_word' id='word_1_323' title='bbox 1916 3503 1936 3546; x_wconf 91' lang='lat' dir='ltr'>e</span> <span class='ocrx_word' id='word_1_324' title='bbox 1969 3483 2123 3567; x_wconf 85' lang='lat' dir='ltr'>vestigiis</span> 
     </span>
     <span class='ocr_line' id='line_1_26' title="bbox 423 3603 2123 3693; baseline 0.003 -25"><span class='ocrx_word' id='word_1_325' title='bbox 423 3604 543 3688; x_wconf 90' lang='lat' dir='ltr'>optimi</span> <span class='ocrx_word' id='word_1_326' title='bbox 567 3606 696 3670; x_wconf 89' lang='lat' dir='ltr'>codicis</span> <span class='ocrx_word' id='word_1_327' title='bbox 719 3606 771 3670; x_wconf 93' lang='grc' dir='ltr'><strong>Κλ</strong></span> <span class='ocrx_word' id='word_1_328' title='bbox 793 3607 1010 3672; x_wconf 88' lang='lat' dir='ltr'>scribendum</span> <span class='ocrx_word' id='word_1_329' title='bbox 1035 3623 1097 3685; x_wconf 90' lang='lat' dir='ltr'>est,</span> <span class='ocrx_word' id='word_1_330' title='bbox 1122 3624 1159 3672; x_wconf 90' lang='lat' dir='ltr'>ut</span> <span class='ocrx_word' id='word_1_331' title='bbox 1182 3607 1314 3690; x_wconf 90' lang='lat' dir='ltr'>scripsi,</span> <span class='ocrx_word' id='word_1_332' title='bbox 1339 3609 1397 3672; x_wconf 74' lang='grc' dir='ltr'>οὐκ</span> <span class='ocrx_word' id='word_1_333' title='bbox 1428 3603 1477 3693; x_wconf 83' lang='grc' dir='ltr'>ἀρ’</span> <span class='ocrx_word' id='word_1_334' title='bbox 1508 3609 1561 3671; x_wconf 74' lang='lat' dir='ltr'>dv:</span> <span class='ocrx_word' id='word_1_335' title='bbox 1593 3605 1684 3671; x_wconf 88' lang='lat' dir='ltr'>viam</span> <span class='ocrx_word' id='word_1_336' title='bbox 1717 3623 1883 3672; x_wconf 88' lang='lat' dir='ltr'>monstrat</span> <span class='ocrx_word' id='word_1_337' title='bbox 1915 3608 1970 3672; x_wconf 89' lang='grc' dir='ltr'><strong>Μλ</strong></span> <span class='ocrx_word' id='word_1_338' title='bbox 1991 3608 2024 3672; x_wconf 88' lang='lat' dir='ltr'>in</span> <span class='ocrx_word' id='word_1_339' title='bbox 2056 3608 2123 3673; x_wconf 93' lang='lat' dir='ltr'>hoc</span> 
     </span>
     <span class='ocr_line' id='line_1_27' title="bbox 422 3729 2124 3818; baseline 0.004 -26"><span class='ocrx_word' id='word_1_340' title='bbox 422 3730 524 3793; x_wconf 89' lang='lat' dir='ltr'>tertio</span> <span class='ocrx_word' id='word_1_341' title='bbox 547 3729 637 3795; x_wconf 90' lang='lat' dir='ltr'>libro</span> <span class='ocrx_word' id='word_1_342' title='bbox 662 3730 814 3796; x_wconf 89' lang='lat' dir='ltr'>eiusdem</span> <span class='ocrx_word' id='word_1_343' title='bbox 837 3732 954 3816; x_wconf 89' lang='lat' dir='ltr'>stirpis</span> <span class='ocrx_word' id='word_1_344' title='bbox 976 3746 1083 3814; x_wconf 91' lang='lat' dir='ltr'>atque</span> <span class='ocrx_word' id='word_1_345' title='bbox 1106 3733 1169 3810; x_wconf 92' lang='grc' dir='ltr'>Κλ,</span> <span class='ocrx_word' id='word_1_346' title='bbox 1195 3752 1271 3796; x_wconf 93' lang='lat' dir='ltr'>cum</span> <span class='ocrx_word' id='word_1_347' title='bbox 1294 3731 1421 3796; x_wconf 89' lang='lat' dir='ltr'>habeat</span> <span class='ocrx_word' id='word_1_348' title='bbox 1444 3733 1502 3797; x_wconf 82' lang='grc' dir='ltr'>οὐκ</span> <span class='ocrx_word' id='word_1_349' title='bbox 1525 3735 1587 3817; x_wconf 77' lang='grc' dir='ltr'>ἄρα</span> <span class='ocrx_word' id='word_1_350' title='bbox 1615 3729 1679 3799; x_wconf 81' lang='grc' dir='ltr'><strong>οὖν.</strong></span> <span class='ocrx_word' id='word_1_351' title='bbox 1735 3733 1850 3796; x_wconf 88' lang='lat' dir='ltr'>Manet</span> <span class='ocrx_word' id='word_1_352' title='bbox 1883 3732 1987 3818; x_wconf 85' lang='lat' dir='ltr'>igitur</span> <span class='ocrx_word' id='word_1_353' title='bbox 2009 3732 2124 3798; x_wconf 91' lang='lat' dir='ltr'>Ram·</span> 
     </span>
     <span class='ocr_line' id='line_1_28' title="bbox 422 3854 2123 3939; baseline 0.004 -23"><span class='ocrx_word' id='word_1_354' title='bbox 422 3854 554 3916; x_wconf 91' lang='lat' dir='ltr'>saueri</span> <span class='ocrx_word' id='word_1_355' title='bbox 577 3854 770 3939; x_wconf 91' lang='lat' dir='ltr'>scrupulus,</span> <span class='ocrx_word' id='word_1_356' title='bbox 794 3859 857 3926; x_wconf 87' lang='lat' dir='ltr'>sed</span> <span class='ocrx_word' id='word_1_357' title='bbox 880 3872 974 3922; x_wconf 88' lang='lat' dir='ltr'>recte</span> <span class='ocrx_word' id='word_1_358' title='bbox 998 3876 1064 3922; x_wconf 91' lang='lat' dir='ltr'>non</span> <span class='ocrx_word' id='word_1_359' title='bbox 1087 3857 1207 3922; x_wconf 82' lang='lat' dir='ltr'>nimius</span> <span class='ocrx_word' id='word_1_360' title='bbox 1231 3856 1439 3922; x_wconf 90' lang='lat' dir='ltr'>Stewarto</span> <span class='ocrx_word' id='word_1_361' title='bbox 1462 3856 1614 3922; x_wconf 86' lang='lat' dir='ltr'>videtur:</span> <span class='ocrx_word' id='word_1_362' title='bbox 1650 3857 1751 3922; x_wconf 90' lang='lat' dir='ltr'>etiam</span> <span class='ocrx_word' id='word_1_363' title='bbox 1778 3855 1860 3922; x_wconf 91' lang='lat' dir='ltr'>alibi</span> <span class='ocrx_word' id='word_1_364' title='bbox 1889 3856 1970 3922; x_wconf 89' lang='lat' dir='ltr'>talia</span> <span class='ocrx_word' id='word_1_365' title='bbox 1998 3857 2123 3922; x_wconf 88' lang='lat' dir='ltr'>inveni·</span> 
     </span>
     <span class='ocr_line' id='line_1_29' title="bbox 424 3975 948 4065; baseline 0.01 -25"><span class='ocrx_word' id='word_1_366' title='bbox 424 3975 524 4041; x_wconf 86' lang='lat' dir='ltr'>untur</span> <span class='ocrx_word' id='word_1_367' title='bbox 547 3979 641 4061; x_wconf 89' lang='lat' dir='ltr'>apud</span> <span class='ocrx_word' id='word_1_368' title='bbox 665 3978 948 4065; x_wconf 55' lang='lat' dir='ltr'>Aristotelemffi)</span> 
     </span>
    </p>
   </div>
   <div class='ocr_carea' id='block_1_4' title="bbox 422 4124 2125 4970">
    <p class='ocr_par' dir='ltr' id='par_1_4' title="bbox 422 4124 2125 4970">
     <span class='ocr_line' id='line_1_30' title="bbox 583 4124 2123 4212; baseline 0.005 -26"><span class='ocrx_word' id='word_1_369' title='bbox 583 4142 614 4207; x_wconf 92' lang='lat'>7.</span> <span class='ocrx_word' id='word_1_370' title='bbox 641 4133 743 4206; x_wconf 68' lang='lat' dir='ltr'>1114l</span> <span class='ocrx_word' id='word_1_371' title='bbox 766 4126 916 4209; x_wconf 67' lang='lat'>31-1213</span> <span class='ocrx_word' id='word_1_372' title='bbox 940 4125 1101 4212; x_wconf 85' lang='lat' dir='ltr'>leguntur</span> <span class='ocrx_word' id='word_1_373' title='bbox 1124 4125 1223 4190; x_wconf 86' lang='lat' dir='ltr'>haec:</span> <span class='ocrx_word' id='word_1_374' title='bbox 1269 4126 1296 4192; x_wconf 85' lang='grc' dir='ltr'>εἰ</span> <span class='ocrx_word' id='word_1_375' title='bbox 1319 4124 1352 4191; x_wconf 86' lang='grc' dir='ltr'>δέ</span> <span class='ocrx_word' id='word_1_376' title='bbox 1375 4146 1419 4204; x_wconf 87' lang='grc' dir='ltr'><strong>τις</strong></span> <span class='ocrx_word' id='word_1_377' title='bbox 1441 4125 1526 4211; x_wconf 88' lang='grc' dir='ltr'><strong>λέγοι</strong></span> <span class='ocrx_word' id='word_1_378' title='bbox 1549 4127 1595 4192; x_wconf 72' lang='lat' dir='ltr'>dn</span> <span class='ocrx_word' id='word_1_379' title='bbox 1618 4125 1730 4204; x_wconf 81' lang='grc' dir='ltr'><strong>πάντες</strong></span> <span class='ocrx_word' id='word_1_380' title='bbox 1763 4127 1896 4212; x_wconf 82' lang='grc' dir='ltr'><strong>ἐφίενται</strong></span> <span class='ocrx_word' id='word_1_381' title='bbox 1930 4137 1984 4191; x_wconf 83' lang='grc' dir='ltr'><strong>τοῦ</strong></span> <span class='ocrx_word' id='word_1_382' title='bbox 2019 4149 2123 4212; x_wconf 76' lang='lat' dir='ltr'>parvo·</span> 
     </span>
     <span class='ocr_line' id='line_1_31' title="bbox 424 4246 2124 4338; baseline 0.002 -25"><span class='ocrx_word' id='word_1_383' title='bbox 424 4247 516 4333; x_wconf 80' lang='grc' dir='ltr'><strong>μένου</strong></span> <span class='ocrx_word' id='word_1_384' title='bbox 539 4247 676 4332; x_wconf 72' lang='grc' dir='ltr'><strong>ἀγαθοῦ,</strong></span> <span class='ocrx_word' id='word_1_385' title='bbox 699 4260 754 4334; x_wconf 77' lang='grc' dir='ltr'><strong>τῆς</strong></span> <span class='ocrx_word' id='word_1_386' title='bbox 776 4253 810 4316; x_wconf 80' lang='grc' dir='ltr'>δὲ</span> <span class='ocrx_word' id='word_1_387' title='bbox 833 4253 1003 4335; x_wconf 77' lang='grc' dir='ltr'><strong>φαντασίας</strong></span> <span class='ocrx_word' id='word_1_388' title='bbox 1026 4254 1063 4318; x_wconf 79' lang='grc' dir='ltr'>οὐ</span> <span class='ocrx_word' id='word_1_389' title='bbox 1086 4253 1195 4338; x_wconf 80' lang='grc' dir='ltr'><strong>κύριοι,</strong></span> <span class='ocrx_word' id='word_1_390' title='bbox 1219 4251 1289 4318; x_wconf 80' lang='grc' dir='ltr'><strong>ἀλλ’</strong></span> <span class='ocrx_word' id='word_1_391' title='bbox 1313 4251 1418 4328; x_wconf 70' lang='grc' dir='ltr'><strong>ὁποῖός</strong></span> <span class='ocrx_word' id='word_1_392' title='bbox 1440 4246 1510 4316; x_wconf 87' lang='grc' dir='ltr'><strong>ποτ’</strong></span> <span class='ocrx_word' id='word_1_393' title='bbox 1533 4251 1665 4328; x_wconf 80' lang='grc' dir='ltr'><strong>ἕκαστος</strong></span> <span class='ocrx_word' id='word_1_394' title='bbox 1687 4253 1780 4334; x_wconf 82' lang='grc' dir='ltr'><strong>ἐστιν,</strong></span> <span class='ocrx_word' id='word_1_395' title='bbox 1802 4261 1894 4318; x_wconf 75' lang='grc' dir='ltr'><strong>τοῦτο</strong></span> <span class='ocrx_word' id='word_1_396' title='bbox 1916 4253 1969 4315; x_wconf 81' lang='grc' dir='ltr'>καὶ</span> <span class='ocrx_word' id='word_1_397' title='bbox 1983 4254 2020 4316; x_wconf 84' lang='grc' dir='ltr'><strong>τὸ</strong></span> <span class='ocrx_word' id='word_1_398' title='bbox 2034 4252 2124 4330; x_wconf 88' lang='grc' dir='ltr'><strong>τέλος</strong></span> 
     </span>
     <span class='ocr_line' id='line_1_32' title="bbox 423 4371 2124 4463; baseline 0.003 -27"><span class='ocrx_word' id='word_1_399' title='bbox 423 4371 562 4456; x_wconf 80' lang='grc' dir='ltr'><strong>φαίνεται</strong></span> <span class='ocrx_word' id='word_1_400' title='bbox 585 4375 684 4459; x_wconf 82' lang='grc' dir='ltr'><strong>αὐτῷ·</strong></span> <span class='ocrx_word' id='word_1_401' title='bbox 731 4375 758 4438; x_wconf 85' lang='lat' dir='ltr'>ei</span> <span class='ocrx_word' id='word_1_402' title='bbox 781 4378 835 4459; x_wconf 84' lang='grc' dir='ltr'>μέν</span> <span class='ocrx_word' id='word_1_403' title='bbox 858 4373 912 4443; x_wconf 82' lang='grc' dir='ltr'>οὖν</span> <span class='ocrx_word' id='word_1_404' title='bbox 935 4380 1068 4456; x_wconf 82' lang='grc' dir='ltr'><strong>ἕκαστος</strong></span> <span class='ocrx_word' id='word_1_405' title='bbox 1091 4378 1175 4463; x_wconf 70' lang='grc' dir='ltr'><strong>αυτῷ</strong></span> <span class='ocrx_word' id='word_1_406' title='bbox 1199 4389 1254 4463; x_wconf 77' lang='grc' dir='ltr'><strong>τῆς</strong></span> <span class='ocrx_word' id='word_1_407' title='bbox 1276 4377 1369 4456; x_wconf 84' lang='grc' dir='ltr'><strong>έξεώς</strong></span> <span class='ocrx_word' id='word_1_408' title='bbox 1391 4379 1456 4444; x_wconf 67' lang='lat' dir='ltr'>doti</span> <span class='ocrx_word' id='word_1_409' title='bbox 1478 4401 1544 4457; x_wconf 80' lang='grc' dir='ltr'>πως</span> <span class='ocrx_word' id='word_1_410' title='bbox 1567 4379 1673 4461; x_wconf 75' lang='grc' dir='ltr'><strong>αἴτιος,</strong></span> <span class='ocrx_word' id='word_1_411' title='bbox 1697 4381 1750 4443; x_wconf 79' lang='grc' dir='ltr'><strong>καί</strong></span> <span class='ocrx_word' id='word_1_412' title='bbox 1772 4389 1828 4462; x_wconf 76' lang='grc' dir='ltr'><strong>τῆς</strong></span> <span class='ocrx_word' id='word_1_413' title='bbox 1847 4377 2018 4462; x_wconf 78' lang='grc' dir='ltr'><strong>φαντασίας</strong></span> <span class='ocrx_word' id='word_1_414' title='bbox 2037 4379 2124 4442; x_wconf 79' lang='grc' dir='ltr'><strong>ἔσται</strong></span> 
     </span>
     <span class='ocr_line' id='line_1_33' title="bbox 422 4499 2124 4586; baseline 0.002 -25"><span class='ocrx_word' id='word_1_415' title='bbox 422 4517 489 4574; x_wconf 87' lang='grc' dir='ltr'>πως</span> <span class='ocrx_word' id='word_1_416' title='bbox 511 4501 604 4577; x_wconf 82' lang='grc' dir='ltr'><strong>αὐτὸς</strong></span> <span class='ocrx_word' id='word_1_417' title='bbox 627 4502 731 4582; x_wconf 75' lang='grc' dir='ltr'><strong>αἴτιος,</strong></span> <span class='ocrx_word' id='word_1_418' title='bbox 755 4499 783 4564; x_wconf 84' lang='grc' dir='ltr'>εἰ</span> <span class='ocrx_word' id='word_1_419' title='bbox 805 4500 839 4566; x_wconf 86' lang='grc' dir='ltr'>δὲ</span> <span class='ocrx_word' id='word_1_420' title='bbox 862 4504 966 4586; x_wconf 77' lang='grc' dir='ltr'><strong>μηδεὶς</strong></span> <span class='ocrx_word' id='word_1_421' title='bbox 989 4503 1073 4586; x_wconf 82' lang='grc' dir='ltr'><strong>αὑτῷ</strong></span> <span class='ocrx_word' id='word_1_422' title='bbox 1097 4505 1190 4580; x_wconf 77' lang='grc' dir='ltr'><strong>αἴτιος</strong></span> <span class='ocrx_word' id='word_1_423' title='bbox 1213 4513 1269 4569; x_wconf 80' lang='grc' dir='ltr'><strong>τοῦ</strong></span> <span class='ocrx_word' id='word_1_424' title='bbox 1291 4513 1481 4586; x_wconf 78' lang='grc' dir='ltr'><strong>κακοποιεῖν,</strong></span> <span class='ocrx_word' id='word_1_425' title='bbox 1504 4503 1587 4568; x_wconf 78' lang='grc' dir='ltr'><strong>ἀλλὰ</strong></span> <span class='ocrx_word' id='word_1_426' title='bbox 1610 4499 1648 4568; x_wconf 88' lang='grc' dir='ltr'>δι’</span> <span class='ocrx_word' id='word_1_427' title='bbox 1671 4505 1797 4586; x_wconf 72' lang='grc' dir='ltr'><strong>ἄγνοιαν</strong></span> <span class='ocrx_word' id='word_1_428' title='bbox 1819 4511 1874 4567; x_wconf 81' lang='grc' dir='ltr'><strong>τοῦ</strong></span> <span class='ocrx_word' id='word_1_429' title='bbox 1896 4501 2003 4579; x_wconf 86' lang='grc' dir='ltr'><strong>τέλους</strong></span> <span class='ocrx_word' id='word_1_430' title='bbox 2026 4513 2124 4566; x_wconf 84' lang='grc' dir='ltr'><strong>ταῦτα</strong></span> 
     </span>
     <span class='ocr_line' id='line_1_34' title="bbox 422 4621 2122 4714; baseline 0.001 -26"><span class='ocrx_word' id='word_1_431' title='bbox 422 4623 559 4708; x_wconf 83' lang='grc' dir='ltr'><strong>πράττει,</strong></span> <span class='ocrx_word' id='word_1_432' title='bbox 583 4621 634 4688; x_wconf 83' lang='grc' dir='ltr'>διὰ</span> <span class='ocrx_word' id='word_1_433' title='bbox 648 4623 766 4690; x_wconf 71' lang='grc' dir='ltr'><strong>τούτων</strong></span> <span class='ocrx_word' id='word_1_434' title='bbox 782 4622 920 4710; x_wconf 80' lang='grc' dir='ltr'><strong>οἰόμενος</strong></span> <span class='ocrx_word' id='word_1_435' title='bbox 937 4627 1023 4712; x_wconf 81' lang='grc' dir='ltr'><strong>αὑτῷ</strong></span> <span class='ocrx_word' id='word_1_436' title='bbox 1046 4627 1083 4692; x_wconf 86' lang='grc' dir='ltr'><strong>τὸ</strong></span> <span class='ocrx_word' id='word_1_437' title='bbox 1107 4627 1231 4714; x_wconf 72' lang='grc' dir='ltr'><strong>ἄριστον</strong></span> <span class='ocrx_word' id='word_1_438' title='bbox 1255 4629 1395 4710; x_wconf 74' lang='grc' dir='ltr'><strong>ἔσεσθαι,</strong></span> <span class='ocrx_word' id='word_1_439' title='bbox 1419 4629 1440 4714; x_wconf 82' lang='grc' dir='ltr'>ἡ</span> <span class='ocrx_word' id='word_1_440' title='bbox 1462 4625 1496 4692; x_wconf 81' lang='grc' dir='ltr'>δέ</span> <span class='ocrx_word' id='word_1_441' title='bbox 1519 4639 1574 4692; x_wconf 81' lang='grc' dir='ltr'><strong>τοῦ</strong></span> <span class='ocrx_word' id='word_1_442' title='bbox 1596 4627 1704 4704; x_wconf 86' lang='grc' dir='ltr'><strong>τέλους</strong></span> <span class='ocrx_word' id='word_1_443' title='bbox 1727 4628 1828 4710; x_wconf 80' lang='grc' dir='ltr'><strong>έρεοις</strong></span> <span class='ocrx_word' id='word_1_444' title='bbox 1853 4627 1912 4691; x_wconf 84' lang='grc' dir='ltr'>οὐκ</span> <span class='ocrx_word' id='word_1_445' title='bbox 1926 4627 2122 4712; x_wconf 74' lang='grc' dir='ltr'><strong>αὐθαίρετος,</strong></span> 
     </span>
     <span class='ocr_line' id='line_1_35' title="bbox 423 4747 2123 4842; baseline 0.002 -29"><span class='ocrx_word' id='word_1_446' title='bbox 423 4747 505 4814; x_wconf 78' lang='grc' dir='ltr'><strong>ἀλλὰ</strong></span> <span class='ocrx_word' id='word_1_447' title='bbox 528 4758 620 4834; x_wconf 80' lang='grc' dir='ltr'><strong>φῦναι</strong></span> <span class='ocrx_word' id='word_1_448' title='bbox 643 4751 691 4816; x_wconf 83' lang='grc' dir='ltr'>δεῖ</span> <span class='ocrx_word' id='word_1_449' title='bbox 711 4751 816 4835; x_wconf 82' lang='grc' dir='ltr'><strong>ὥσπερ</strong></span> <span class='ocrx_word' id='word_1_450' title='bbox 838 4753 909 4836; x_wconf 81' lang='grc' dir='ltr'><strong>ὄψιν</strong></span> <span class='ocrx_word' id='word_1_451' title='bbox 934 4752 1058 4842; x_wconf 75' lang='grc' dir='ltr'><strong>έχοντα,</strong></span> <span class='ocrx_word' id='word_1_452' title='bbox 1081 4752 1102 4842; x_wconf 71' lang='grc' dir='ltr'><strong>ᾖ</strong></span> <span class='ocrx_word' id='word_1_453' title='bbox 1124 4764 1220 4840; x_wconf 83' lang='grc' dir='ltr'><strong>κρινεῖ</strong></span> <span class='ocrx_word' id='word_1_454' title='bbox 1241 4755 1348 4832; x_wconf 82' lang='grc' dir='ltr'><strong>καλῶς</strong></span> <span class='ocrx_word' id='word_1_455' title='bbox 1370 4754 1423 4820; x_wconf 84' lang='grc' dir='ltr'><strong>καί</strong></span> <span class='ocrx_word' id='word_1_456' title='bbox 1445 4757 1480 4818; x_wconf 82' lang='grc' dir='ltr'><strong>τὸ</strong></span> <span class='ocrx_word' id='word_1_457' title='bbox 1504 4750 1574 4820; x_wconf 87' lang='grc' dir='ltr'><strong>κατ’</strong></span> <span class='ocrx_word' id='word_1_458' title='bbox 1608 4755 1763 4838; x_wconf 74' lang='grc' dir='ltr'><strong>ἀλήθειαν</strong></span> <span class='ocrx_word' id='word_1_459' title='bbox 1797 4753 1921 4838; x_wconf 74' lang='grc' dir='ltr'><strong>ἀγαθὸν</strong></span> <span class='ocrx_word' id='word_1_460' title='bbox 1954 4751 2123 4837; x_wconf 77' lang='grc' dir='ltr'><strong>αἱρήσεται,</strong></span> 
     </span>
     <span class='ocr_line' id='line_1_36' title="bbox 422 4873 2125 4970; baseline 0.001 -32"><span class='ocrx_word' id='word_1_461' title='bbox 422 4877 475 4938; x_wconf 78' lang='grc' dir='ltr'><strong>καί</strong></span> <span class='ocrx_word' id='word_1_462' title='bbox 498 4876 581 4940; x_wconf 81' lang='grc' dir='ltr'><strong>ἔστιν</strong></span> <span class='ocrx_word' id='word_1_463' title='bbox 603 4877 717 4961; x_wconf 72' lang='grc' dir='ltr'><strong>εὐφυὴς</strong></span> <span class='ocrx_word' id='word_1_464' title='bbox 740 4873 765 4964; x_wconf 81' lang='lat' dir='ltr'>ql</span> <span class='ocrx_word' id='word_1_465' title='bbox 787 4887 877 4944; x_wconf 83' lang='grc' dir='ltr'><strong>τοῦτο</strong></span> <span class='ocrx_word' id='word_1_466' title='bbox 896 4883 1005 4966; x_wconf 82' lang='grc' dir='ltr'><strong>καλῶς</strong></span> <span class='ocrx_word' id='word_1_467' title='bbox 1029 4880 1171 4970; x_wconf 80' lang='grc' dir='ltr'><strong>πέφυκεν</strong></span> <span class='ocrx_word' id='word_1_468' title='bbox 1198 4877 1247 4964; x_wconf 80' lang='grc' dir='ltr'><strong>(τὸ</strong></span> <span class='ocrx_word' id='word_1_469' title='bbox 1274 4883 1334 4966; x_wconf 75' lang='grc' dir='ltr'>γὰρ</span> <span class='ocrx_word' id='word_1_470' title='bbox 1358 4915 1399 4924; x_wconf 94' lang='grc'>-</span> <span class='ocrx_word' id='word_1_471' title='bbox 1422 4877 1556 4964; x_wconf 81' lang='grc' dir='ltr'><strong>εὐφυΐα),</strong></span> <span class='ocrx_word' id='word_1_472' title='bbox 1585 4876 1612 4943; x_wconf 81' lang='grc' dir='ltr'>εἰ</span> <span class='ocrx_word' id='word_1_473' title='bbox 1639 4879 1677 4962; x_wconf 81' lang='grc' dir='ltr'>δὴ</span> <span class='ocrx_word' id='word_1_474' title='bbox 1704 4873 1791 4941; x_wconf 81' lang='grc' dir='ltr'><strong>ταῦτ’</strong></span> <span class='ocrx_word' id='word_1_475' title='bbox 1826 4877 1909 4942; x_wconf 74' lang='grc' dir='ltr'><strong>ἐστὶν</strong></span> <span class='ocrx_word' id='word_1_476' title='bbox 1943 4876 2062 4960; x_wconf 71' lang='grc' dir='ltr'><strong>ἀληθῆ,</strong></span> <span class='ocrx_word' id='word_1_477' title='bbox 2096 4875 2125 4941; x_wconf 79' lang='grc' dir='ltr'><strong>τί</strong></span> 
     </span>
    </p>
   </div>
   <div class='ocr_carea' id='block_1_5' title="bbox 421 5119 2126 5432">
    <p class='ocr_par' dir='ltr' id='par_1_5' title="bbox 421 5119 2126 5432">
     <span class='ocr_line' id='line_1_37' title="bbox 579 5119 2126 5223; baseline 0 -51"><span class='ocrx_word' id='word_1_478' title='bbox 579 5119 656 5187; x_wconf 74' lang='lat' dir='ltr'>⁵³)L.</span> <span class='ocrx_word' id='word_1_479' title='bbox 674 5125 689 5176; x_wconf 88' lang='lat'>1.</span> <span class='ocrx_word' id='word_1_480' title='bbox 705 5144 731 5195; x_wconf 71' lang='lat' dir='ltr'>p,</span> <span class='ocrx_word' id='word_1_481' title='bbox 750 5129 862 5208; x_wconf 56' lang='lat'><strong>3446.</strong></span> <span class='ocrx_word' id='word_1_482' title='bbox 887 5132 922 5194; x_wconf 75' lang='lat' dir='ltr'>V,</span> <span class='ocrx_word' id='word_1_483' title='bbox 941 5166 970 5223; x_wconf 60' lang='grc' dir='ltr'><strong>,Ο</strong></span> <span class='ocrx_word' id='word_1_484' title='bbox 985 5155 1022 5214; x_wconf 64' lang='lat'>3⁹</span> <span class='ocrx_word' id='word_1_485' title='bbox 1053 5146 1121 5206; x_wconf 70' lang='grc' dir='ltr'><strong>τοῖς</strong></span> <span class='ocrx_word' id='word_1_486' title='bbox 1137 5135 1235 5194; x_wconf 77' lang='grc' dir='ltr'><strong>λοιποῖς</strong></span> <span class='ocrx_word' id='word_1_487' title='bbox 1252 5129 1399 5195; x_wconf 78' lang='lat' dir='ltr'>significant</span> <span class='ocrx_word' id='word_1_488' title='bbox 1418 5137 1507 5178; x_wconf 86' lang='lat' dir='ltr'>cetera</span> <span class='ocrx_word' id='word_1_489' title='bbox 1526 5137 1618 5193; x_wconf 83' lang='lat' dir='ltr'>paeter</span> <span class='ocrx_word' id='word_1_490' title='bbox 1637 5126 1788 5190; x_wconf 85' lang='lat' dir='ltr'>pecuniam:</span> <span class='ocrx_word' id='word_1_491' title='bbox 1818 5125 1888 5175; x_wconf 87' lang='lat' dir='ltr'>bene</span> <span class='ocrx_word' id='word_1_492' title='bbox 1912 5125 1963 5174; x_wconf 90' lang='lat' dir='ltr'>hoc</span> <span class='ocrx_word' id='word_1_493' title='bbox 1986 5125 2126 5190; x_wconf 87' lang='lat' dir='ltr'>perspexit</span> 
     </span>
     <span class='ocr_line' id='line_1_38' title="bbox 421 5210 1206 5320; baseline 0.004 -60"><span class='ocrx_word' id='word_1_494' title='bbox 421 5210 619 5273; x_wconf 81' lang='lat' dir='ltr'>Muenscher,</span> <span class='ocrx_word' id='word_1_495' title='bbox 638 5225 715 5280; x_wconf 53' lang='lat' dir='ltr'>errant</span> <span class='ocrx_word' id='word_1_496' title='bbox 727 5233 919 5305; x_wconf 67' lang='lat' dir='ltr'>Raffl⁵³¹¹0t</span> <span class='ocrx_word' id='word_1_497' title='bbox 935 5274 955 5320; x_wconf 50' lang='lat' dir='ltr'>et</span> <span class='ocrx_word' id='word_1_498' title='bbox 996 5238 1206 5305; x_wconf 54' lang='lat' dir='ltr'>temnus,</span> 
     </span>
     <span class='ocr_line' id='line_1_39' title="bbox 572 5295 1635 5432; baseline 0.024 -104"><span class='ocrx_word' id='word_1_499' title='bbox 572 5295 601 5361; x_wconf 75' lang='lat' dir='ltr'>st)</span> <span class='ocrx_word' id='word_1_500' title='bbox 617 5298 636 5346; x_wconf 73' lang='grc' dir='ltr'>ό·</span> <span class='ocrx_word' id='word_1_501' title='bbox 654 5308 693 5368; x_wconf 84' lang='lat'>111</span> <span class='ocrx_word' id='word_1_502' title='bbox 697 5336 748 5408; x_wconf 48' lang='lat' dir='ltr'>eb]</span> <span class='ocrx_word' id='word_1_503' title='bbox 769 5323 827 5371; x_wconf 67' lang='lat' dir='ltr'>„on</span> <span class='ocrx_word' id='word_1_504' title='bbox 848 5323 956 5432; x_wconf 45' lang='lat' dir='ltr'>recfpete</span> <span class='ocrx_word' id='word_1_505' title='bbox 981 5323 1175 5406; x_wconf 60' lang='lat' dir='ltr'>debebam</span> <span class='ocrx_word' id='word_1_506' title='bbox 1191 5315 1260 5380; x_wconf 79' lang='grc' dir='ltr'><strong>γοῦν,</strong></span> <span class='ocrx_word' id='word_1_507' title='bbox 1278 5322 1387 5378; x_wconf 85' lang='lat' dir='ltr'>prorsus</span> <span class='ocrx_word' id='word_1_508' title='bbox 1405 5314 1506 5356; x_wconf 91' lang='lat' dir='ltr'>rectum</span> <span class='ocrx_word' id='word_1_509' title='bbox 1525 5315 1564 5356; x_wconf 88' lang='lat' dir='ltr'>est</span> <span class='ocrx_word' id='word_1_510' title='bbox 1583 5299 1635 5354; x_wconf 73' lang='grc' dir='ltr'><strong>οὖν.</strong></span> 
     </span>
    </p>
   </div>
   <div class='ocr_carea' id='block_1_6' title="bbox 0 0 2431 5908">
    <p class='ocr_par' dir='ltr' id='par_1_6' title="bbox 0 0 2431 5908">
     <span class='ocr_line' id='line_1_40' title="bbox 0 0 2431 5908; baseline 0 0"><span class='ocrx_word' id='word_1_511' title='bbox 0 0 2431 5908; x_wconf 95' lang='lat' dir='ltr'> </span> 
     </span>
    </p>
   </div>
  </div>
 </body>
</html>
