4850 5918
1235 373 1268 438 V

1142 463 1355 471 ———

396 588 517 672 μύθους
540 598 636 653 ποιεῖν
668 583 857 672 Ἐπίχαρμος
889 586 942 651 καί
970 587 1157 672 Φόρμις·τό
1186 591 1240 672 μὲν
1267 588 1300 666 ἐξ
1323 591 1421 673 ἀρχῆς
1444 588 1481 651 ἐκ
1504 587 1647 664 Σικελίας
1671 585 1763 671 ἦλθε,
1787 593 1849 652 τῶν
1873 588 1906 650 δὲ
1930 580 2102 670 Ἀθήνησιν
2149 578 2153 589 ’

393 714 519 798 Κράτης
542 720 663 798 πρῶτος
685 711 775 798 ἧρξεν
798 711 948 797 ἀφέμενος
972 723 1025 797 τῆς
1049 713 1191 798 ἰαμβικῆς
1215 715 1295 792 ίόἑοις
1319 711 1464 778 καθόλου
1487 725 1582 778 ποιεῖν
1606 713 1717 796 λόγους
1733 712 1786 775 καί
1809 712 1938 797 μύθους.
1978 710 2101 774 Dolen-

395 840 474 902 dum
509 854 560 901 est
595 839 792 913 admodum,
829 838 923 920 quod
960 836 1044 901 haec
1081 839 1188 902 verba
1223 839 1283 902 vix
1319 859 1459 922 prorsus
1500 839 1631 921 integra
1666 853 1753 900 sunt.
1800 837 1866 901 Pro
1890 835 1918 901 ol
1941 837 2102 920 λεγόμενοι

396 962 682 1028 Castelvetrus
706 963 881 1046 ingeniose
897 963 1038 1027 coniecit
1063 965 1160 1049 ὀλίγοι
1185 965 1239 1048 μὲν
1262 966 1300 1046 oi,
1319 964 1478 1030 Usener
1502 962 1601 1048 ὀλίγοι
1624 962 1678 1048 μὲν
1703 961 1777 1044 lull,
1801 953 2049 1046 Berg'kius10)
2073 963 2102 1028 ol

402 1085 544 1176 (ὀρθῶς)
574 1090 745 1174 λεγόμενοι,
770 1103 803 1151 et
828 1088 941 1166 habet,
967 1109 1038 1171 quo
1054 1109 1092 1153 se
1108 1091 1324 1154 commendet
1348 1089 1600 1154 Castelvetri
1625 1090 1820 1152 coniectura
1845 1103 1937 1151 recte
1961 1087 2101 1150 forsitan

395 1216 440 1279 ab
464 1215 649 1288 Usenero
675 1215 864 1280 emendata.
913 1213 1068 1298 Namque
1100 1215 1128 1280 si
1162 1237 1272 1298 pauca
1305 1231 1434 1279 tantum
1468 1236 1545 1278 esse
1574 1229 1728 1278 monetur
1756 1213 1889 1276 nomina
1921 1229 2101 1296 poetarum

395 1341 603 1404 comicorum
628 1360 757 1412 eorum,
782 1339 841 1421 qui
865 1355 897 1402 et
919 1355 1020 1404 antea
1037 1341 1103 1404 iam
1121 1342 1302 1405 floruerant
1321 1357 1354 1405 et
1371 1357 1450 1404 tunc
1467 1361 1606 1424 quoque
1627 1340 1806 1417 florebant,
1824 1338 1937 1401 adhuc
1953 1337 2101 1421 cognita,

395 1480 543 1548 augetur
566 1463 615 1527 rei
641 1463 702 1540 vie,
727 1481 908 1546 praeterea
932 1465 959 1530 si
984 1465 1070 1528 hanc
1094 1467 1312 1530 mutationem
1330 1466 1528 1548 probamus,
1547 1465 1666 1528 melius
1687 1462 2017 1546 comprehendimus,
2043 1484 2103 1525 cur

396 1611 461 1654 non
484 1594 538 1654 καί
562 1591 615 1672 τίς,
641 1589 734 1673 quoti
760 1589 876 1672 potius
900 1606 1093 1672 expectem,
1117 1592 1179 1654 sed
1204 1593 1247 1667 τίς
1270 1595 1304 1659 δὲ
1332 1593 1495 1675 scriptum
1527 1591 1580 1668 sit,
1613 1609 1644 1654 et
1678 1591 1707 1654 ot
1740 1591 1967 1674 λεγόμενοι-
1990 1611 2102 1675 μνημο-

396 1716 631 1782 telemacum
666 1714 755 1778 idem
780 1715 850 1778 iere
874 1714 916 1778 sit
944 1731 1049 1798 atque
1073 1717 1101 1781 ul
1129 1718 1289 1802 λεγόμενοι
1320 1754 1362 1764 ——
1397 1715 1549 1800 λέγονται,
1586 1715 1683 1779 facile
1718 1713 1941 1798 tautologiam
1978 1734 2102 1796 sapere

398 1838 498 1902 alicui
523 1837 691 1902 videatur.
739 1837 962 1903 Nihilominus
986 1839 1143 1904 traditam
1168 1840 1348 1906 lectionem
1374 1841 1566 1925 relinquere
1591 1863 1655 1906 non
1673 1841 1797 1918 auden,
1821 1841 1883 1904 sed
1901 1839 2101 1904 sententiam

397 1963 461 2027 hac
485 1961 782 2026 circumlocutione
807 1964 952 2026 reddere
976 1984 1095 2028 conor:
1131 1965 1209 2030 inde
1232 1967 1336 2051 igitur
1369 1969 1495 2032 sactum
1530 1983 1592 2045 est,
1629 1981 1664 2030 ut
1693 1967 1770 2030 inde
1806 1966 1851 2030 ab
1887 1985 1930 2030 eo
1966 1965 2102 2028 demum

397 2107 564 2172 tempore,
601 2103 672 2172 quo
696 2089 760 2152 iam
786 2089 900 2154 firmas
924 2091 1090 2173 quasdam
1115 2092 1242 2156 formas
1266 2094 1394 2176 adepta
1418 2108 1490 2156 erat
1519 2091 1604 2157 haec
1632 2091 1821 2168 comoedia,
1847 2103 1941 2155 certe
1968 2088 2102 2154 nomina

401 2215 473 2280 eius
498 2231 687 2299 poetarum,
712 2230 882 2297 quatenus
906 2215 1040 2279 omnino
1064 2216 1119 2279 vel
1144 2218 1276 2282 nomina
1301 2233 1430 2284 tantum
1464 2217 1774 2301 antiquissimorum
1807 2215 1907 2280 huius
1939 2215 2104 2299 temporis

399 2339 800 2405 comododidascalorum
832 2339 864 2404 in
889 2341 1052 2404 memoria
1076 2358 1280 2421 manserunt,
1311 2361 1449 2408 servata
1477 2344 1552 2421 sint,
1577 2345 1671 2426 quod
1701 2359 1814 2408 autem
1840 2344 1884 2406 ad
1909 2363 1950 2406 ea
1973 2340 2103 2419 attinet,

398 2488 487 2550 quae
526 2465 584 2530 illa
625 2467 751 2529 debeat
791 2465 847 2530 vel
888 2465 1127 2548 antiquissimis
1167 2468 1287 2534 horum
1334 2468 1391 2537 vel
1436 2469 1537 2534 etiam
1580 2468 1763 2553 prioribus,
1800 2488 1873 2531 eam
1908 2467 2020 2550 ipsam
2055 2467 2103 2529 ob

398 2611 536 2655 causam
560 2592 591 2654 in
616 2587 823 2654 oblivionem
848 2575 1026 2669 transierit,
1059 2593 1136 2676 quis
1160 2614 1326 2676 personas
1350 2595 1523 2672 invenerit,
1557 2595 1634 2677 quis
1657 2593 1855 2678 prologum,
1887 2591 1963 2673 quis
1986 2612 2104 2654 secun·

399 2717 490 2792 dum,
524 2715 599 2798 quis
633 2715 767 2780 tertium
799 2733 949 2781 actorem
984 2719 1155 2782 adiecerit.
1203 2719 1391 2803 Oppositio
1421 2719 1507 2783 enim
1533 2719 1702 2802 quaedam
1728 2733 1781 2782 est
1804 2718 1889 2782 inter
1913 2718 2045 2781 nomina
2070 2731 2103 2779 et

399 2863 464 2905 res.
514 2842 679 2906 Discimus
714 2865 759 2906 ex
795 2843 905 2926 primo
941 2842 1001 2907 illo
1037 2845 1235 2909 Aristotelis
1270 2827 1359 2922 loch,
1395 2866 1540 2928 quorum
1575 2844 1638 2908 sint
1671 2863 1781 2926 pauca
1813 2841 1872 2908 illa
1897 2842 2041 2920 nomina,
2075 2841 2103 2906 si

399 2967 718 3046 Castelvetrum,
743 2968 977 3052 antiquissima
1000 2980 1062 3036 τῶν
1086 2972 1261 3057 λεγομένοιν
1286 2969 1427 3046 nomina,
1454 2971 1486 3036 'si
1518 2970 1677 3034 traditam
1709 2968 1887 3033 lectionem
1911 2969 2102 3050 sequimur:

289 3136 295 3152 .
399 3109 474 3156 sunt
492 3091 667 3158 Chionidis
691 3111 723 3156 et
748 3093 930 3177 Magnetis;
955 3115 1040 3178 ergo
1065 3094 1097 3158 hi
1122 3096 1193 3160 duo
1218 3113 1344 3178 poetae
1368 3095 1590 3176 antiquissimi
1614 3111 1720 3173 erant,
1745 3115 1891 3177 quorum
1916 3093 2049 3156 nomina
2072 3093 2103 3156 in

399 3217 564 3282 indicibus
598 3219 814 3282 victoriarum
848 3219 1078 3303 philosophus
1111 3222 1234 3284 invenit
1268 3239 1301 3284 et
1335 3243 1380 3284 ex
1409 3221 1458 3284 eis
1488 3220 1579 3285 haud
1605 3220 1708 3284 dubie
1731 3221 1762 3283 in
1787 3217 2001 3282 Didascalias
2023 3239 2104 3282 suas

399 3359 587 3426 receperat.
634 3344 678 3407 Et
713 3343 891 3408 didicimus
926 3368 945 3410 e
978 3346 1176 3430 fragmentis
1212 3348 1331 3412 horum
1368 3347 1514 3411 indicum
1549 3367 1656 3430 nuper
1690 3345 1882 3428 repertis11)
1908 3345 2103 3430 Magnetem

400 3469 521 3533 eodem
557 3489 644 3533 anno
680 3468 812 3547 vicisse,
853 3491 923 3554 quo
959 3469 1108 3535 Pericles
1152 3474 1319 3558 tragicam
1364 3471 1560 3556 choregiam
1605 3493 1669 3556 pro
1708 3469 1889 3553 Aeschylo
1935 3467 2102 3552 praestitit

399 3592 666 3677 Aeschylusque
698 3593 781 3656 item
814 3595 990 3658 victoriam
1024 3597 1225 3678 reportavit.
1273 3597 1361 3663 Vicit
1394 3595 1562 3679 Aeschyli
1587 3595 1724 3660 Orestia
1759 3616 1846 3660 anno
1869 3596 1945 3678 458,
1979 3612 2014 3658 at
2038 3614 2102 3658 non

399 3718 556 3796 Pericles,
580 3720 642 3782 sed
666 3717 844 3784 Xenocles
868 3737 938 3784 tum
964 3721 1023 3784 suit
1049 3722 1121 3785 eius
1145 3720 1379 3808 choreguslil:
1403 3722 1535 3804 vixque
1559 3719 1705 3785 Pericles
1730 3721 1794 3785 iarn
1820 3720 1962 3805 ehoregi
1984 3719 2104 3783 officiis

399 3845 533 3907 iunctus
558 3859 619 3922 est,
645 3845 843 3928 priusquam
873 3848 917 3910 ad
948 3847 1193 3929 rempublicam
1219 3849 1399 3912 accederet
1424 3847 1735 3910 administrandam:
1772 3846 1903 3928 optime
1926 3845 2003 3909 inde
2027 3865 2104 3908 con·

399 3969 496 4034 clusit
522 3969 652 4053 Leo¹³l
684 3969 775 4034 illam
805 3972 974 4057 Magnetis
1003 3973 1180 4037 victoriam
1213 3973 1299 4036 inter
1331 3992 1437 4036 annos
1466 3973 1536 4034 fere
1563 3973 1629 4055 469
1653 3987 1686 4034 et
1710 3991 1776 4054 459
1801 3991 1876 4035 esse
1900 3970 2102 4054 ponendam.

400 4095 493 4159 Licet
516 4111 629 4159 autem
654 4119 699 4160 ex
717 4097 914 4161 Aristotelis
939 4097 1055 4162 verbis
1080 4098 1180 4162 etiam
1205 4099 1271 4162 hoe
1296 4097 1471 4182 colligere,
1497 4097 1709 4161 comoediam
1734 4096 1765 4160 in
1790 4117 1920 4182 agones
1945 4094 2103 4178 publicos

399 4222 448 4285 eis
465 4222 599 4285 deinum
622 4223 837 4305 temporibus
858 4244 934 4288 esse
957 4239 1143 4307 receptam,
1169 4225 1293 4308 quihus
1317 4222 1515 4307 spectacula
1540 4222 1727 4286 dramatica
1750 4222 1858 4285 tribus
1882 4221 1946 4284 iam
1972 4220 2103 4285 histrio-

399 4346 497 4410 nibus
522 4346 714 4424 utebantur,
749 4349 869 4411 etenim
899 4349 928 4412 si
952 4347 1018 4412 hoc
1042 4365 1140 4413 antea
1165 4350 1229 4413 iarn
1256 4365 1345 4413 esset
1369 4349 1506 4425 sactum,
1541 4348 1696 4412 scivisset
1721 4345 1939 4424 Aristoteles
1973 4347 2048 4430 quis
2072 4346 2103 4409 in

399 4471 578 4535 comoedia
608 4473 696 4535 tertii
731 4473 859 4553 suisset,
893 4489 928 4538 ut
953 4477 1168 4558 antiquorum
1204 4473 1333 4539 ratione
1365 4473 1497 4558 loquar,
1531 4471 1744 4556 inventore).
1791 4473 1824 4535 ln
1849 4471 2029 4556 tragoedia
2053 4491 2103 4533 se·

399 4598 546 4659 cundum
571 4617 648 4659 eum
673 4595 717 4678 (4.
748 4607 851 4682 ¹449*
879 4601 916 4662 18
940 4597 1006 4682 sq.)
1031 4599 1093 4663 suit
1115 4598 1321 4682 Sophocles.
1367 4601 1397 4664 ls
1430 4599 1574 4681 primum
1608 4598 1742 4662 fabulas
1773 4596 1890 4661 docuit
1914 4617 2003 4660 anno
2026 4598 2102 4677 468,

401 4705 613 4712 -——-·--—-——-

561 4735 591 4802 ¹⁰)
611 4739 717 4789 Grlech.
739 4741 1035 4804 Litteraturgescbichte
1056 4741 1097 4792 lV.
1119 4757 1144 4806 p.
1155 4753 1198 4804 qt).
1219 4759 1242 4790 n.
1266 4745 1305 4793 18.

561 4825 591 4894 ¹¹)
612 4829 639 4878 C.
660 4829 679 4877 l.
700 4829 730 4879 Α.
751 4829 872 4888 189718
893 4827 1092 4897 [Ξε]νοκλείόης
1115 4833 1246 4897 ἐχορήγει,
1267 4829 1400 4899 [Μίάγνης
1420 4832 1555 4881 ebibamus
1569 4867 1575 4880 .
1589 4831 1750 4895 τραγῳδῶν·
1781 4827 1911 4893 Περικλῆς
1930 4823 2103 4895 Χολαρ(γεὺς)

399 4913 552 4986 exeram-(st),
571 4917 701 4983 Αἰσχόλος
720 4915 920 4986 ὲ[ὀ]ίόαοκε[ν].
959 4919 999 4969 ct.
1019 4937 1043 4968 n.
1067 4925 1106 4971 18.

562 5005 592 5073 ¹⁹)
615 5009 719 5071 Argum.
741 5007 836 5058 Aesch.
858 5008 907 5070 Ag.
946 5011 1050 5070 Fragm.
1071 5010 1125 5058 lud.
1146 5011 1258 5072 Dionys.
1283 5009 1375 5074 Ἐφημ.
1396 5011 1454 5073 ἀρχ.
1479 5011 1553 5059 1880.
1573 5023 1598 5072 p.
1621 5009 1670 5056 mit
1697 5007 1831 5072 (Berichte
1851 5007 1898 5055 der
1917 5005 2102 5056 saechslschen
2180 5057 2185 5068 ,

400 5096 578 5146 Gesellschast
598 5098 645 5146 tier
663 5097 703 5147 W.
722 5099 797 5153 1887.
818 5113 843 5161 p.
865 5101 914 5152 278
935 5113 994 5162 sqq.
1015 5097 1091 5160 tabl:
1121 5097 1174 5165 [ὀπί
1194 5097 1390 5166 Φιλο]νιλὲους.
1414 5100 1554 5164 τραγῳδῶν
1568 5112 1574 5125 ·
1588 5097 1719 5161 Ξενοκλῆς
1747 5093 1920 5163 Ἀφιόν[αῑος]
1950 5093 2103 5162 ἑχορή(γει),

399 5184 528 5250 stagnant
547 5187 656 5247 ἐδίδαξε.

562 5271 591 5336 ¹³)
612 5275 660 5324 Ein
679 5275 745 5339 Sieg
766 5275 813 5326 des
832 5275 952 5340 Magnes,
972 5277 1039 5330 Mus.
1059 5277 1142 5325 Rhen.
1162 5277 1286 5325 xxxnt.
1310 5277 1383 5330 1878.
1405 5291 1430 5339 p.
1455 5285 1600 5336 130-145.

563 5363 592 5426 Η)
613 5365 652 5414 Cl.
673 5369 751 5416 etiam
771 5366 997 5416 Wilamowltz.
1022 5365 1110 5414 Herm.
1131 5365 1203 5415 XXl.
1234 5381 1260 5430 p.
1280 5373 1340 5427 014.
1361 5381 1384 5414 n.
1408 5375 1428 5414 t.
