4850 5918
1162 481 1375 580 —x-ug„
1482 551 1485 556 ,

414 695 496 760 tutis
530 696 636 760 debet
670 718 747 760 cum
770 697 875 761 rebus
898 695 1040 783 singulis
1071 714 1262 780 congruere
1292 694 1376 782 (δέον
1398 697 1436 780 δὴ
1459 697 1509 761 ἐπὶ
1532 699 1650 766 τούτων
1673 703 1858 784 συμφωνεῖν,
1882 719 1915 761 v.
1941 695 2007 783 32),
2033 699 2123 763 unde

414 821 571 904 sequitur
583 820 807 904 postulatum,
827 838 863 886 ut
876 843 941 887 non
953 821 1065 888 solum
1077 821 1109 884 in
1117 820 1316 904 ,universum
1329 833 1509 896 statuatur,
1522 841 1642 885 verum
1655 822 1757 886 etiam
1769 822 1814 885 ad
1826 820 1962 907 singula
1975 824 2120 907 quadret

409 941 476 1030 (δεῖ
497 947 531 1010 δὲ
550 955 644 1011 τοῦτο
661 951 702 1032 μὴ
720 948 813 1031 μόνον
836 949 980 1014 καθόλου
1003 947 1165 1033 λέγεσθαι,
1188 945 1347 1010 ἀλλὰκαὶ
1370 955 1433 1022 τοῖς
1455 942 1533 1010 καθ’
1556 948 1675 1012 ἕκαστα
1698 938 1871 1033 ἁρμόττειν)
1896 946 1963 1026 vel,
1988 963 2025 1012 ut
2048 947 2123 1013 aliis

415 1070 533 1136 verbis
557 1070 680 1150 dicam,
713 1071 744 1135 in
777 1071 881 1136 rebus
909 1073 954 1135 ad
982 1070 1134 1135 actiones
1165 1069 1401 1153 spectantibus
1425 1068 1584 1135 vaniores
1606 1084 1683 1134 sunt
1708 1053 1997 1136 considerationes
2020 1093 2122 1154 gene-

415 1193 516 1272 rales‚
541 1196 696 1260 veriores
719 1195 898 1280 speciales.
945 1197 1067 1280 Neque
1090 1195 1166 1278 ipse
1188 1196 1220 1258 in
1243 1195 1311 1258 hoc
1335 1193 1448 1277 capite
1469 1194 1567 1282 'ferro
1596 1194 1734 1280 ignique
1758 1195 1806 1259 uti
1830 1194 1926 1260 volui
1952 1197 2056 1280 rro7¹>
2084 1217 2123 1279 14

414 1322 514 1402 ss-16.
561 1319 637 1384 Non
662 1320 749 1384 enim
772 1321 966 1386 abiudicavi
989 1321 1034 1386 ab
1060 1321 1132 1384 eius
1155 1319 1325 1402 scriptore
1348 1319 1457 1383 verba
1480 1329 1533 1385 νῦν
1562 1322 1615 1405 μὲν
1643 1317 1761 1385 οὖν-
1784 1321 2025 1444 διορισιθήσεται,
2060 1323 2121 1386 sed

410 1445 588 1510 asteriscis
617 1447 799 1523 dumtaxat
832 1468 873 1510 ea
901 1445 1208 1510 circumscribendo
1235 1463 1311 1508 esse
1334 1443 1492 1522 iudicavi,
1527 1444 1607 1527 quia
1631 1465 1696 1508 non
1720 1445 1765 1508 ad
1789 1465 1864 1508 eam
1888 1445 2123 1510 tantummodo

340 1607 347 1621 ·
416 1570 583 1634 virtutem
609 1585 649 1663 et
667 1571 712 1633 ad
736 1571 771 1634 id
795 1571 924 1650 vitium,
960 1571 1085 1654 quibus
1117 1569 1280 1652 apposita
1312 1585 1399 1646 sunt,
1434 1570 1497 1632 sed
1529 1570 1573 1632 ad
1598 1584 1711 1633 cetera
1736 1568 1848 1632 omnia
1872 1571 1994 1634 eodem
2017 1571 2122 1635 modo

418 1696 605 1778 quadrant,
645 1697 680 1758 id
719 1697 815 1778 quod
855 1696 1032 1779 quomodo
1073 1693 1191 1778 negari
1229 1693 1549 1790 queatpequidem
1587 1713 1654 1757 non
1693 1694 1876 1777 perspicio.
1936 1693 1973 1759 Si
2011 1711 2122 1759 tamen

418 1819 647 1884 Goebelius
671 1834 740 1884 tarn
766 1821 889 1884 malam
913 1821 1015 1884 fidem
1040 1819 1118 1883 huic
1141 1816 1301 1901 scriptori
1325 1816 1440 1896 habet,
1472 1833 1509 1880 ut
1540 1839 1581 1880 ne
1601 1803 1700 1881 ‘hanc
1731 1817 1869 1902 quidem
1892 1825 2053 1882 mendam
2078 1820 2122 1883 ab

418 1965 460 2008 eo
484 1943 626 2009 alienam
652 1965 729 2010 esse
753 1947 880 2024 credat,
906 1945 1064 2028 equidem
1089 1963 1154 2008 non
1178 1943 1398 2007 vehementer
1422 1940 1606 2030 intercedo,
