4850 5918
1163 406 1254 484 XVI

324 619 471 684 sumere?
515 621 630 684 Atros
653 620 748 683 otiam
771 600 865 681 la'stius
888 621 981 702 patet.
1017 619 1145 684 Etenim
1170 623 1197 685 si
1220 625 1350 686 omnino
1372 620 1590 685 definitionem
1606 621 1784 686 accuratius
1798 621 1947 706 persequi
1970 620 2084 684 unius·

323 743 480 824 cuiusque
503 745 534 804 et
554 741 704 824 temporis
727 745 785 822 est,
808 760 864 804 cur
886 761 950 804 non
974 742 1135 826 acquievit
1157 744 1189 805 in
1214 761 1408 827 unaquaque
1430 740 1598 826 disciplina
1619 745 1651 806 in
1675 741 1880 806 definitione?
1931 739 1972 804 Et
1993 743 2084 804 estne

324 861 473 926 credibile
496 864 638 926 siceum
662 865 792 926 omnino
815 862 986 943 iudicasse,
1011 865 1106 926 etiam
1129 864 1163 926 in
1193 861 1416 927 remotioribus
1447 865 1620 927 litterarum
1650 863 1804 947 partibus,
1826 863 1915 926 velut
1939 865 2084 947 inprimis

323 984 355 1046 iu
380 984 617 1066 metaphysica?
661 983 722 1047 Sed
745 987 780 1046 ut
802 983 844 1046 ita
860 985 1002 1062 sentiret,
1020 983 1179 1068 quomodo
1196 985 1345 1048 contendi
1360 988 1465 1068 potest
1479 985 1565 1066 inde,
1581 984 1665 1068 quod
1680 984 1796 1048 bonam
1812 983 2082 1048 adumbrationem

323 1103 489 1188 adipsum
512 1122 594 1186 opus
617 1101 818 1167 efficiendum
840 1104 988 1186 persequi
1012 1105 1269 1188 uniuscuiusque
1291 1111 1322 1167 et
1343 1105 1494 1187 temporis
1517 1105 1568 1186 sit,
1591 1105 1744 1188 explicari
1766 1106 1860 1168 etiam
1883 1105 1997 1167 artium
2014 1123 2084 1187 pro-

323 1243 465 1308 gressus,
486 1221 559 1286 ibas
579 1224 629 1284 καὶ
651 1227 713 1284 τῶν
735 1226 850 1307 τεχνῶν
871 1214 1027 1308 γεγόνασιν
1048 1230 1077 1286 at
1099 1216 1245 1300 ἐπιδόσεις
1266 1228 1306 1306 (ν.
1328 1225 1403 1306 25)?
1448 1223 1529 1300 Quid
1554 1245 1723 1290 commune
1745 1227 1929 1289 astartium
1952 1227 2084 1288 incuna-

323 1344 408 1408 bulis
430 1343 738 1408 otadumbratioui?
781 1343 868 1406 Nihil
897 1344 994 1426 aliud,
1020 1347 1083 1408 nisi
1107 1347 1192 1428 quod
1216 1355 1350 1430 utraque
1380 1355 1456 1410 sunt
1479 1346 1578 1410 initia.
1630 1344 1693 1410 Sed
1725 1348 1817 1410 initia
1850 1351 1926 1410 sunt
1955 1364 2084 1429 prorsus

324 1466 444 1529 divorsi
465 1467 602 1548 generis.
645 1463 727 1528 Nam
751 1464 790 1527 ad
812 1465 867 1528 illa
883 1465 1117 1548 quodammodo
1133 1466 1246 1529 saltem
1268 1467 1425 1550 quadrant
1440 1485 1522 1549 quae
1538 1471 1700 1550 secuntur,
1715 1461 1828 1540 παντὸς
1841 1461 1898 1552 γὰρ
1913 1472 2085 1552 προσθεῖναι

323 1580 361 1646 τὸ
384 1585 529 1662 ἐλλεῖπον,
553 1604 747 1669 quamquam
770 1586 909 1668 profecto
932 1586 990 1650 hoc
1014 1605 1143 1670 quoque
1167 1587 1354 1669 saepissime
1377 1606 1441 1650 non
1465 1582 1577 1660 παντὸς
1598 1591 1656 1669 ost,
1680 1586 1736 1650 sed
1756 1591 1792 1650 ut
1812 1587 1847 1650 in
1875 1587 2090 1652 adumbratio-

327 1725 400 1770 nem
425 1725 554 1791 quoque
580 1711 612 1768 ot
636 1705 854 1770 definitionem
877 1709 996 1789 queant
1019 1705 1184 1790 quadrare,
1206 1708 1301 1770 ctiam
1323 1705 1509 1772 absurdiora
1530 1707 1624 1772 nobis
1647 1707 1803 1772 credenda
1824 1711 1909 1790 sunt,
1931 1709 2002 1772 dico
2025 1727 2089 1771 non

327 1827 432 1892 solum
453 1847 509 1911 per
527 1825 655 1910 singula
676 1827 825 1910 persequi
847 1824 1076 1909 definitionem,
1098 1827 1154 1889 sed
1177 1829 1272 1891 etiam
1289 1829 1391 1910 ipsam
1415 1826 1633 1891 definitionem
1649 1829 1817 1892 emendare
1833 1830 2090 1912 uniuscuiusque

322 1967 394 2012 esse
417 1949 593 2012 auxiliante
616 1944 817 2028 temporse).
863 1944 952 2010 Haec
983 1949 1090 2010 ίοιιιοιι
1122 1950 1229 2012 omnia
1262 1949 1432 2012 cohaerent
1453 1949 1576 2031 saltem,
1608 1951 1755 2032 quamvis
1788 1948 2003 2013 teunuissimo
2025 1947 2089 2031 filo,

324 2089 398 2132 cum
419 2067 681 2132 antecedentibus
706 2087 735 2130 ν.
761 2067 799 2130 21
824 2086 869 2151 sq.
916 2065 1102 2143 Quaerere
1127 2073 1279 2132 secuntur
1301 2068 1378 2152 quid
1399 2069 1458 2132 hoc
1479 2069 1549 2133 loco
1571 2067 1633 2132 sibi
1656 2070 1767 2152 velint,
1791 2087 1829 2132 ne
1853 2066 1995 2151 Oedipus
2019 2069 2090 2152 qui-

323 2191 395 2254 dam
417 2193 521 2273 potest
542 2189 697 2270 divinare,
719 2192 751 2252 et
776 2207 876 2252 unum
898 2193 982 2252 certe
1005 2190 1109 2252 virum
1134 2191 1315 2274 egregium,
1339 2191 1486 2273 quamvis
1519 2191 1659 2274 egregia,
1686 2190 1715 2252 si
1743 2209 1800 2274 per
1830 2209 1865 2252 se
1895 2195 2089 2274 spectentur,

325 2314 354 2374 ei
387 2311 564 2392 videantur,
596 2310 829 2395 quadamtenus
863 2309 1064 2375 offenderunt
1096 2310 1357 2375 Hermannum
1387 2309 1674 2396 Rassorium⁹²)
1731 2311 1942 2375 Colraererent
1975 2312 2090 2392 solum,

325 2454 398 2496 oum
422 2433 496 2516 illis,
510 2433 539 2494 si
561 2431 779 2516 significarent
798 2431 1015 2496 definitionem
1037 2435 1139 2515 ipsam
1164 2433 1282 2497 summi
1304 2431 1380 2495 boni
1404 2453 1467 2496 non
1492 2451 1564 2495 esso
1587 2437 1650 2496 tam
1673 2437 1851 2497 accuratam
1876 2450 1981 2514 neque
1995 2450 2090 2516 posse

327 2577 398 2620 esso
422 2577 520 2640 quam
540 2552 743 2617 definitiones
766 2554 798 2617 in
823 2555 965 2617 scientiis
985 2553 1208 2616 severioribus.
1254 2553 1293 2615 Et
1315 2572 1484 2636 possemus
1508 2554 1567 2616 hec
1582 2553 1720 2634 credero,
1742 2555 1769 2616 si
1786 2553 1854 2617 sola
1875 2537 2089 2637 spectaremus

325 2679 472 2762 proxima
496 2674 667 2761 μέμνηοθαι
689 2666 724 2734 δὲ
745 2675 795 2736 καὶ
816 2678 879 2735 τῶν
900 2672 1116 2760 προειρημένων
1134 2669 1389 2755 (ibelim-27)
1412 2664 1478 2760 χρη,
1513 2675 1562 2735 καὶ
1592 2665 1647 2742 τὸν
1679 2669 1826 2759 ἀκρίβειαν
1857 2666 1898 2757 μὴ
1928 2666 2038 2758 ὁμοίως
2060 2671 2091 2732 ἐν

326 2795 436 2860 ἅπασιν
456 2787 611 2875 ἐπιζητεῖν,
634 2791 699 2856 ἀλλ’
727 2795 757 2855 ἐν
779 2785 917 2868 ἑκάστοις
938 2789 1020 2854 κατὰ
1042 2789 1097 2863 τἠν
1119 2787 1313 2880 ὑποκειμένην
1335 2792 1408 2864 ὕλην
1430 2796 1480 2856 καὶ
1502 2795 1549 2856 ἐπὶ
1570 2799 1717 2857 τοσοῦτον
1744 2791 1787 2880 ἐρ’
1822 2792 1892 2857 ὅσον
1919 2798 2024 2855 οἰκεῖον
2051 2797 2090 2875 τῇ

327 2908 463 3004 μεθόδῳ.
486 2917 536 2979 καὶ
556 2911 612 3002 γὰρ
633 2914 752 2978 τέκτων
772 2917 822 2977 καὶ
840 2913 1013 3000 γεωμέτρης
1035 2907 1236 3002 διαφερόντως
1258 2905 1433 2989 ἐπιζητοῦσι
1454 2910 1509 2986 τὴν
1531 2906 1637 3002 ὀρθήν·
1659 2911 1676 2978 ὃ
1699 2909 1829 3000 μὲνγὰρ
1857 2911 1900 3000 ἐρ’
1928 2911 1999 2976 ὅσον
2017 2936 2090 3000 χρη-

329 3040 398 3124 σίμη
417 3033 489 3124 πρὸς
509 3031 546 3100 τὸ
570 3040 661 3124 ἔργον,
683 3031 698 3098 ὃ
721 3027 756 3097 δὲ
777 3035 807 3097 τί
828 3036 893 3097 ἐστι
915 3031 934 3104 ἦ
957 3026 1040 3098 ποῖόν
1061 3059 1105 3097 τι·
1128 3029 1243 3109 θεατίς
1256 3030 1313 3122 γὰρ
1329 3033 1493 3110 τάληθοῦς.
1509 3031 1563 3098 τὸν
1577 3030 1669 3099 αὐτὸν
1683 3027 1718 3097 δὲ
1737 3026 1847 3122 τρόπον
1869 3035 1920 3097 καὶ
1940 3036 1971 3096 έν
1988 3029 2091 3108 ἄλλοις

328 3158 476 3238 ποιητέον,
498 3157 580 3232 ὅπως
601 3152 642 3242 μὴ
664 3151 705 3217 τὰ
731 3148 863 3244 πάρεργα
890 3161 953 3218 τῶν
973 3161 1067 3244 ἔργων
1088 3157 1182 3220 πλείω
1209 3157 1347 3244 γίγνηται
1374 3162 1417 3241 (v.
1441 3158 1588 3234 26-33).
1641 3157 1760 3221 Verum
1789 3159 1875 3220 enim
1903 3160 1951 3219 est
1979 3155 2091 3219 defini-

328 3283 446 3344 tionem
469 3282 587 3344 summi
610 3277 685 3342 boni
708 3279 760 3342 rel
782 3277 986 3342 beatitudinis
1014 3299 1075 3342 uon
1106 3283 1232 3363 proptor
1266 3299 1300 3342 se
1333 3281 1434 3363 ipsam
1468 3280 1646 3343 secundum
1679 3278 1861 3343 Aristotelis
1897 3280 2087 3342 sententiam

329 3404 450 3486 quaeri,
473 3402 529 3466 sed
553 3401 628 3484 quia
650 3403 699 3464 ost
718 3399 846 3486 χρησίμη
868 3394 940 3485 πρὸς
961 3393 999 3460 τὸ
1020 3391 1170 3486 πράττειν.
1215 3399 1416 3484 Quamquam
1439 3419 1502 3464 nou
1527 3399 1608 3464 banc
1632 3399 1672 3462 ob
1694 3402 1847 3465 rationem
1872 3401 1979 3464 minus
1996 3419 2088 3463 accu-

493 3595 540 3658 ee)
559 3592 636 3645 llalsa
661 3591 746 3658 igitur
774 3594 900 3660 rectaque
924 3591 1020 3644 miscet
1037 3590 1220 3644 Rassovius
1239 3590 1430 3658 Forschungen
1448 3608 1474 3660 p.
1495 3599 1538 3648 15:
1569 3593 1655 3656 ‚.Dsas
1682 3609 1744 3646 man
1773 3593 1850 3646 nicht
1867 3589 2022 3656 bereclrtigt
2039 3589 2086 3650 aei.

326 3703 376 3740 von
395 3679 674 3754 politiseh-ethischon
693 3679 935 3748 Uutarsuebungcn
953 3679 996 3733 die
1015 3679 1082 3734 rolla
1103 3678 1359 3732 wissenschattliche
1378 3679 1487 3734 diribie
1504 3697 1536 3734 zu
1555 3681 1668 3743 sordem,
1687 3679 1752 3733 wird
1771 3721 1820 3733 ...
1840 3678 1899 3732 dom
1914 3676 2086 3732 Ireserniclrt

327 3773 443 3838 wonigor
461 3769 500 3822 als
517 3767 628 3820 droimal
646 3767 701 3820 und
719 3783 777 3820 uum
796 3767 874 3820 Theil
892 3767 944 3819 mit
968 3765 1108 3820 danselben
1132 3766 1243 3820 Warten
1267 3767 1463 3834 eingescbitrlt:
1486 3768 1508 3832 Ι,
1532 3770 1552 3821 l.
1572 3767 1694 3822 10941211
1714 3785 1770 3836 sqq.
1797 3766 1820 3830 Ι,
1839 3766 1862 3820 7.
1885 3765 2006 3818 1098*ίῦ
2029 3781 2088 3833 sqq.

327 3858 466 3930 μεμνῆσθαι
484 3855 511 3908 δὲ
527 3857 568 3907 aul
585 3857 636 3907 τιιῖν
653 3853 830 3924 προειρημένων
847 3848 897 3922 χρή
918 3873 939 3905 κ.
959 3871 980 3904 τ.
999 3853 1022 3904 λ.
1045 3853 1077 3910 ll.
1097 3855 1120 3908 2.
1143 3853 1263 3908 11031134
1280 3872 1336 3924 sqq.
1375 3856 1417 3908 An
1435 3855 1481 3909 der
1499 3856 1597 3909 letzten
1617 3853 1707 3918 Stella,
1726 3853 1769 3906 die
1792 3853 1842 3907 deu
1861 3852 2023 3920 Uoborgang
2041 3867 2087 3904 zur

326 3944 635 4015 Sparialuutersnchung
652 3943 743 4004 bildet,
770 3942 819 3994 hat
837 3941 879 3994 die
898 3941 1108 4012 Wiedcrlrolung
1133 3943 1208 3996 einer
1226 3959 1269 3996 arn
1297 3943 1438 4011 Eingnngo
1457 3943 1504 3997 dor
1521 3943 1626 3998 Schriit
1651 3942 1813 4010 gemachtoa
1837 3941 2015 4007 Bemerlmng‚
2043 3939 2091 3992 aut

325 4033 368 4086 die
387 4029 546 4085 Aristoteles
564 4029 687 4085 Gawicbt
705 4029 770 4095 legt,
788 4027 879 4080 nichts
897 4026 1109 4092 Befremdeudes,
1129 4029 1199 4083 wohl
1217 4031 1280 4084 aber
1306 4047 1340 4084 an
1368 4031 1414 4084 der
1432 4033 1542 4085 zweiten
1561 4031 1652 4085 Stella.
1689 4031 1755 4084 Hier
1780 4030 1826 4098 lag
1856 4047 1899 4082 um
1924 4045 1954 4082 so
1972 4027 2090 4093 weniger

326 4117 419 4174 Grund
438 4134 493 4181 vor,
513 4117 560 4170 das
577 4117 640 4170 kurr
659 4117 753 4170 norbet·
772 4114 889 4182 Gesagte
908 4131 967 4168 zum
979 4117 1090 4170 zneitcn
1104 4116 1174 4170 Male
1188 4134 1324 4186 aucegae,
1343 4118 1382 4171 ale
1396 4119 1454 4172 aina
1469 4118 1639 4186 Bomerlmng
1653 4117 1821 4172 vernandten
1835 4117 1941 4172 Iuhslts
1953 4116 1992 4182 (Z.
2006 4117 2040 4170 22
2052 4115 2088 4174 a.)

326 4205 495 4272 voraulgoht,
515 4203 558 4257 die
578 4204 660 4272 rbllig
678 4201 853 4258 auareichend
871 4202 908 4256 ist
927 4204 964 4273 (tl,
984 4219 1029 4256 um
1049 4203 1251 4258 tibertriabenen
1271 4204 1465 4273 Eruertungen
1486 4205 1539 4260 und
1552 4205 1773 4273 Aniordorungcn
1786 4205 1833 4259 der
1846 4205 1927 4260 beser
1940 4207 2089 4272 autgegen·

325 4295 473 4346 nutreten“.
510 4290 675 4358 Colligebam
694 4307 724 4343 ox
743 4289 785 4343 his
805 4289 891 4344 verbis
908 4290 1071 4344 Bassovio
1094 4291 1186 4359 spuria
1204 4291 1286 4345 videri
1300 4293 1342 4346 26.
1357 4293 1498 4362 μεμνῆσθαι
1514 4323 1546 4333 -
1559 4292 1597 4346 ¹³8.
1616 4289 1778 4362 ζητουμένων,
1799 4291 1922 4361 idemque
1936 4291 2087 4360 nuperrime

327 4395 358 4432 er
376 4379 416 4432 eis
441 4377 551 4444 collegit
569 4377 756 4432 Stanartus
802 4377 853 4431 Sed
873 4379 982 4432 meliora
999 4395 1041 4432 me
1060 4377 1152 4431 docuit
1170 4377 1353 4434 Bassovius
1381 4382 1409 4434 iu
1438 4383 1506 4435 Mus.
1526 4380 1612 4434 Rhen.
1631 4381 1648 4434 l.
1669 4379 1687 4432 l.
1705 4395 1731 4448 p.
1751 4379 1809 4433 596.
1828 4395 1854 4432 n.
1876 4385 1903 4432 1:
1933 4377 2028 4442 ,.nuch
2047 4376 2090 4428 dio

327 4483 361 4518 an
380 4466 437 4518 sich
456 4464 592 4518 trofiliclro
611 4464 692 4518 Stelle
710 4464 733 4525 1,
753 4464 775 4518 7.
799 4465 878 4518 1098ι
885 4464 918 4518 26
936 4465 960 4518 n.
976 4464 1044 4520 haba
1059 4465 1104 4519 ictr
1118 4465 1279 4533 leiuesuega
1293 4467 1352 4520 dem
1368 4467 1528 4521 Aristoteles
1546 4465 1757 4536 abgesproohen,
1769 4466 1883 4521 eandem
1895 4481 1946 4519 nur
1959 4462 2088 4525 benerit,

326 4553 387 4606 dass
402 4556 472 4606 ete.‘¹
508 4553 547 4604 At
564 4568 613 4606 cur
631 4553 681 4605 lroc
698 4551 845 4617 mactarit,
864 4554 887 4608 si
903 4555 981 4623 plane
999 4553 1069 4608 nihil
1087 4553 1148 4606 iude
1168 4552 1253 4606 voluit
1270 4553 1447 4609 concludere?
1483 4553 1597 4608 Accedit
1615 4555 1685 4624 quod
1703 4553 1760 4623 ipse
1779 4570 1850 4608 nunc
1868 4555 1887 4608 l.
1905 4553 1922 4606 l.
1938 4569 1963 4621 p.
1983 4550 2035 4604 588
2048 4566 2087 4618 sq.

326 4639 434 4694 invictis
452 4641 618 4707 argumentis
637 4640 831 4696 demonstrarit
852 4641 1136 4706 libebat-uomet,
1159 4657 1320 4711 quamquam
1339 4657 1370 4694 aa
1386 4658 1491 4711 quoque
1518 4642 1551 4696 ab
1574 4641 1720 4695 Aristotele
1748 4640 1925 4694 abiudicanda
1951 4655 2008 4692 osae
2036 4654 2088 4691 nou

327 4727 404 4792 uixit,
421 4731 520 4790 umen,
538 4727 566 4780 id
584 4726 725 4797 quodiam
744 4729 907 4783 intellexerit
924 4729 1114 4784 Euckouius
1133 4727 1196 4783 Ueb.
1210 4729 1235 4783 d.
1248 4728 1374 4782 Methoda
1395 4747 1419 4783 u.
1439 4729 1464 4784 d.
1480 4730 1652 4799 Grundlagen
1671 4729 1718 4784 der
1736 4730 1810 4782 arist.
1830 4727 2089 4793 ermenoarae

328 4815 363 4868 M.
387 4815 460 4868 1870.
481 4832 506 4884 ρ.
529 4816 569 4878 lb,
587 4815 722 4870 asteriscis
741 4831 798 4870 esse
817 4814 1067 4870 circumscribendo.
1103 4815 1180 4868 Dixit
1203 4816 1272 4870 enim
1293 4817 1408 4880 „stetten
1432 4834 1466 4871 an
1490 4818 1563 4872 einer
1581 4818 1739 4871 verkehrteu
1767 4815 1877 4878 surim,
1903 4814 1972 4868 alius
1999 4817 2089 4868 autom

327 4900 411 4961 locus,
428 4900 455 4952 in
475 4918 553 4968 qrram
573 4902 711 4970 transponi
730 4909 838 4972 queant,
860 4918 913 4955 non
931 4904 1013 4955 extat.
1050 4900 1145 4956 Nonne
1163 4899 1224 4955 inde
1243 4919 1273 4956 eo
1297 4903 1384 4971 magis
1411 4905 1560 4974 suspiciosa
1586 4907 1657 4960 fiunt
1679 4905 1761 4960 otiam
1788 4903 1907 4956 1098126
1925 4903 2003 4972 sqq?
2038 4902 2091 4956 Re·

327 4985 421 5055 spondi
440 4987 599 5040 Rassovio
617 4987 766 5042 Jahresbar.
787 4987 899 5042 valt.
919 5006 943 5058 p.
967 4990 1023 5042 121.
1041 5005 1066 5042 ιι.
1086 4987 1115 5042 3:
1137 4989 1299 5052 „Natiirlich
1322 4993 1359 5044 ist
1377 4993 1448 5046 mein
1464 4993 1578 5046 uerthcr
1591 4992 1699 5046 Fround
1712 4989 1758 5046 der
1771 4991 1845 5044 beate
1859 4991 1990 5059 Auslegar
2003 4992 2091 5045 seinor

328 5075 438 5141 eigenen
458 5073 559 5135 Wartc.
579 5073 631 5128 und
650 5075 694 5128 ich
713 5076 809 5130 nelrme
828 5093 856 5130 es
874 5093 928 5130 nun
947 5080 1053 5144 getrost
1071 5078 1120 5130 aul
1135 5077 1222 5132 meino
1240 5079 1391 5146 Reebnunpr
1409 5081 1457 5133 das
1476 5097 1559 5146 ganzo
1577 5081 1642 5150 Cap.
1661 5081 1711 5132 mit
1729 5078 1884 5132 Ansnalrme
1896 5078 1942 5131 der
1956 5079 2091 5146 salangr-

328 5165 409 5213 uorte
428 5161 468 5214 als
486 5161 529 5214 ein
547 5160 597 5214 deu
616 5161 851 5232 ersummcnlrang
868 5164 1058 5218 zcrreissendcs
1078 5163 1130 5218 und
1153 5165 1399 5234 sclrnaclrsinniges
1417 5165 1739 5234 Peripatetilorgeuriscb
1764 5183 1794 5218 au
1819 5164 1987 5225 bezeichnen.
2007 5166 2091 5218 notar

328 5253 370 5304 iclr
382 5250 431 5304 deu
444 5249 552 5316 Baucis,
564 5269 638 5306 uenn
649 5269 676 5305 es
689 5251 785 5316 niitlrip
795 5255 851 5306 sein
862 5253 949 5316 sollte,
960 5253 1036 5306 niclrt
1045 5251 1171 5318 sclnrldig
1183 5250 1285 5306 bloibeu
1298 5252 1410 5308 mordet
1426 5253 1497 5306 llnic
1509 5253 1639 5320 promisso
1653 5268 1694 5304 me
1703 5269 1773 5306 nrruc
1787 5254 1948 5306 satisfecisse
1958 5253 2091 5306 existimo,

494 5338 539 5404 et)
559 5339 591 5392 Υ.
612 5357 627 5393 ιι
657 5340 699 5392 ue.
