4820 5922
1119 301 1192 378 XII

284 495 486 580 stoteliscben
510 515 714 601 Ursprungs:
738 516 794 580 der
815 517 964 601 specielle
996 514 1173 580 Abschluss
1206 516 1262 580 des
1284 518 1398 581 letzten
1423 517 1626 585 Abscbnittes
1658 521 1713 584 der
1743 520 1836 581 κοιναὶ
1862 516 1974 590 πίστεις
1995 518 2036 580 ist

284 656 326 700 zu
346 639 452 700 einem
474 633 807 700 Gesammtabschluss
830 635 886 700 der
907 637 1023 700 beiden
1045 641 1149 702 ersten
1172 637 1301 701 Biicher
1322 641 1475 702 erweitert
1498 641 1645 723 worden,
1667 661 1722 704 um
1745 659 1785 703 zu
1807 637 1947 722 gleicher
1969 635 2036 698 'deit

283 757 339 820 das
362 757 435 820 dem
458 753 556 819 Plane
580 755 684 819 dieser
705 753 856 821 Rhetorilr
877 757 945 820 feru
965 757 1110 841 liegende
1133 757 1224 821 dritte
1245 756 1335 821 Buch
1358 759 1549 842 anzuttigen.
1593 759 1770 822 Was'nach
1787 755 2036 838 Ausscbeidung

284 875 341 939 des
363 895 404 937 zu
426 873 547 938 diesem
579 874 711 939 Zweclre
738 875 927 940 Diencuden
955 877 1112 962 ertibrigt,
1144 879 1185 941 ist
1206 877 1252 941 als
1276 877 1347 940 eolrt
1367 879 1574 968 aristotelisch
1601 900 1642 943 zu
1666 879 1862 943 batrachten:
1900 875 1965 960 περὶ
1982 873 2035 958 μὲν

285 987 335 1057 οὖν
351 985 607 1080 παραδειγμάτων
627 997 678 1056 καὶ
699 1001 829 1082 ,νωμῶν
849 999 900 1059 καὶ
923 989 1154 1083 ἐνθυμημάτων,
1177 993 1249 1060 ὅθεν
1263 1019 1298 1059 τε
1318 991 1518 1087 εὐπορήσομεν
1532 1001 1582 1063 καὶ
1597 992 1638 1072 ὡς
1651 991 1730 1060 αὐτὰ
1743 988 1881 1080 λύσομεν,
1904 982 2034 1080 spirea

283 1110 353 1199 ipra
377 1119 523 1179 τοσαῦτα.
569 1113 665 1178 Dcnn
689 1119 776 1181 auch
798 1117 970 1182 dieWOrte
990 1118 1040 1179 καὶ
1061 1115 1141 1192 ὅλως
1162 1123 1225 1180 τῶν
1250 1120 1314 1205 περὶ
1342 1113 1397 1188 τὴν
1421 1111 1559 1197 disiectae,
1585 1117 1704 1182 welche
1727 1116 1787 1180 den
1812 1113 1966 1178 zunttchst
1992 1132 2034 1176 an

284 1223 485 1318 eamean
507 1236 576 1298 sich
599 1230 880 1301 anschliessenden
903 1235 1096 1301 Relatitsatz
1119 1235 1193 1300 ὅθεν
1215 1277 1254 1285 -
1276 1229 1405 1324 λύσομεν
1426 1260 1489 1304 von
1508 1242 1606 1322 jenen
1623 1243 1769 1316 bonuau,
1792 1234 1950 1298 betrachte
1972 1233 2034 1316 ich,

284 1357 389 1421 hierio
413 1355 619 1420 abwoichend
641 1377 706 1420 von
729 1355 917 1441 Spengel,
939 1358 986 1422 als
1003 1359 1099 1422 einen
1122 1359 1177 1423 der
1199 1360 1390 1444 angotdgten
1412 1349 1491 1433 λέξις
1512 1379 1552 1422 zu
1574 1356 1671 1421 Liebe
1698 1355 1885 1442 gemachten
1909 1351 2035 1436 Zusatz,

284 1478 340 1541 der
363 1479 476 1540 seinen
492 1477 610 1540 Aniass
632 1476 736 1561 gleich
759 1476 817 1554 ΙΙΙ,
840 1479 867 1540 l.
894 1478 988 1541 1404*
1008 1481 1046 1542 19
1068 1469 1156 1564 λόγοι
1172 1471 1272 1566 μεῖζον
1303 1471 1436 1565 ἰσχύουσι
1467 1470 1517 1541 διὰ
1537 1471 1592 1546 τὴν
1612 1466 1727 1550 λέξινῆ
1750 1468 1800 1536 διὰ
1826 1468 1882 1544 τὴν
1905 1465 2035 1536 διάνοιαν

283 1599 351 1663 und
373 1600 407 1661 iu
430 1597 486 1661 dor
508 1600 599 1660 sonst
619 1599 823 1678 (namentlich
845 1600 879 1661 iu
902 1599 957 1662 der
977 1597 1099 1682 Poetilr)
1122 1600 1209 1664 nicht
1231 1601 1375 1664 seltenen
1397 1597 1727 1682 Gcgeniiberstellung
1747 1615 1811 1660 von
1834 1587 1948 1658 blavoet
1966 1593 2033 1658 und

285 1709 364 1792 λέξις
385 1717 495 1782 finden
517 1717 667 1781 konnte“.
723 1717 804 1782 Cum
824 1719 1047 1804 Spongolio
1069 1724 1100 1783 et
1123 1717 1307 1785 Vahleno
1330 1722 1487 1784 consentit
1512 1720 1608 1782 etiarn
1622 1715 1842 1799 Dialesius,
1863 1717 1927 1780 nisi
1950 1713 2034 1800 qued

286 1842 393 1902 contra
415 1838 597 1922 Speugoli
632 1841 832 1921 senteutiam,
862 1841 916 1923 qui
940 1841 1004 1902 iam
1026 1838 1066 1903 ab
1088 1841 1258 1905 Aristotele
1288 1843 1415 1905 tertium
1438 1840 1555 1902 librum
1576 1841 1738 1923 tamquam
1761 1835 1890 1899 alteram
1911 1837 2034 1917 partem

286 1980 358 2024 cum
381 1960 461 2042 ipsis
483 1956 661 2023 Rhetoricis
684 1961 890 2024 coniunctum
913 1978 985 2024 esse
1007 1959 1148 2045 putabat,
1169 1959 1229 2043 ΙΙΙ,
1251 1962 1279 2024 1.
1304 1960 1398 2024 1403Ι
1421 1961 1440 2024 6
1462 1962 1546 2024 recte
1568 1929 1904 2041 serrat³²lmeliorem
1927 1954 2035 2017 lectio-

286 2099 360 2144 nem
383 2070 495 2156 ἐπειδὴ,
516 2098 573 2162 pro
597 2100 660 2164 qua
692 2046 933 2165 Spengelius
965 2083 1084 2164 recepit
1115 2080 1179 2144 ἐπεὶ
1200 2073 1244 2160 δὲ,
1267 2085 1377 2166 elego
1400 2099 1528 2165 quoque
1557 2079 1689 2142 fortasse
1711 2077 1940 2156 consentirem,
1971 2074 2035 2136 nisi

287 2221 346 2286 ego
367 2219 496 2285 quoque
519 2208 592 2262 cum
615 2201 763 2264 omnibus
785 2201 835 2264 bis
859 2203 935 2265 viris
954 2200 1120 2266 arbitrarer
1142 2203 1242 2286 capita
1264 2200 1304 2276 ΙΙ,
1329 2202 1367 2266 18
1390 2202 1463 2266 inde
1485 2221 1503 2264 a
1524 2197 1619 2263 1391*
1636 2198 1684 2260 24.
1709 2195 1771 2258 ἐπεὶ
1791 2187 1826 2258 δὲ
1846 2195 1910 2282 περὶ
1931 2232 1970 2242 -
1993 2193 2033 2257 26

286 2322 433 2408 ponenda
455 2339 526 2385 esse
548 2325 621 2384 unte
643 2319 684 2404 ΙΙ,
707 2321 734 2384 1.
778 2318 943 2397 Quomodo
966 2340 1040 2386 vero
1061 2326 1134 2406 post
1155 2322 1251 2388 rerba
1271 2323 1377 2388 abeis
1399 2321 1560 2388 Aristoteli
1580 2317 1689 2382 relicta
1711 2317 1775 2402 περὶ
1796 2314 1850 2400 μὲν
1871 2307 1922 2378 οὖν
1939 2337 2034 2402 παρα-

287 2434 460 2529 δειγμάτων
491 2465 519 2504 ιι.
541 2466 570 2503 τ.
592 2444 621 2503 λ.
642 2442 787 2525 proximo
820 2444 914 2525 sequi
949 2445 1109 2527 potuerint
1140 2442 1182 2527 11,
1215 2446 1242 2507 1.
1278 2443 1373 2506 1377b
1409 2445 1446 2506 16
1475 2442 1510 2502 ἐκ
1529 2441 1616 2501 τίνων
1651 2435 1705 2522 μὲν
1727 2428 1776 2499 οὖν
1804 2474 1842 2486 —
1870 2437 1911 2499 22
1943 2435 2034 2515 ἐστίν,

289 2582 371 2648 quae
394 2563 451 2625 vir
473 2563 582 2646 spuria
605 2565 690 2642 sunt,
731 2560 879 2646 equidem
904 2581 969 2626 non
1021 2581 1180 2648 assequor.
1224 2564 1265 2627 Et
1299 2568 1371 2629 utut
1405 2562 1438 2626 id
1472 2581 1507 2624 se
1542 2557 1728 2640 habetdeo
1763 2557 1875 2624 saltem
1907 2560 2033 2623 credere

287 2703 413 2768 nequeo
436 2703 510 2746 cum
532 2681 763 2765 Dialesio⁸³l
790 2702 809 2745 a
838 2682 998 2748 redactore
1029 2683 1158 2749 demum
1180 2688 1335 2749 mutatum
1359 2702 1430 2748 esse
1449 2701 1636 2764 germanum
1658 2682 1769 2745 horum
1792 2682 1932 2764 capitum
1955 2678 2036 2744 ordi·

289 2823 381 2885 nem,
411 2807 447 2866 ut
466 2803 561 2867 simul
583 2806 690 2887 posset
711 2805 901 2867 commentis
924 2806 991 2867 suis
1012 2805 1187 2870 adrdterare
1210 2805 1307 2870 verba
1328 2805 1401 2887 illa,
1434 2821 1516 2888 quae
1539 2804 1585 2866 sic
1607 2801 1736 2866 demum
1757 2801 1870 2866 fierent
1891 2799 1964 2864 libri
1986 2819 2036 2864 se·

290 2923 385 2988 cundi
407 2923 527 2990 ultima.
556 2922 628 2987 Non
653 2925 740 2987 enim
762 2924 938 2988 verisimile
959 2926 1038 2988 mibi
1060 2926 1189 3011 quidem
1214 2927 1339 2990 videtur
1359 2929 1422 2988 tam
1454 2924 1585 2988 stultum
1608 2922 1669 2986 sibi
1689 2922 1810 3008 fingere
1832 2921 2037 3006 reductorem,

290 3051 325 3111 ut
348 3045 472 3110 balistis
495 3045 726 3129 catapultisque
749 3061 830 3107 usus
852 3045 908 3125 sit,
932 3044 985 3108 ubi
1007 3046 1173 3110 leuissimo
1191 3045 1347 3126 remedio,
1369 3047 1402 3108 in
1427 3043 1511 3128 quod
1531 3063 1624 3106 nemo
1647 3045 1722 3119 (nisi
1745 3043 1867 3124 maluit,
1898 3043 1931 3106 id
1952 3044 2035 3130 quod

290 3186 402 3250 reapse
418 3165 530 3230 maluit
544 3167 565 3228 l1
575 3168 609 3229 ic
623 3165 774 3248 redactor,
783 3183 884 3251 pauca
903 3183 944 3228 ex
958 3183 1016 3229 sua
1036 3167 1138 3252 ipsius
1151 3165 1267 3230 fabrica
1282 3166 1416 3248 adicere)
1432 3164 1570 3228 incidere
1584 3182 1646 3227 non
1663 3164 1774 3246 potuit,
1786 3165 1840 3248 qui
1853 3165 1912 3228 hec
1926 3165 2037 3248 voluit,

291 3280 393 3358 ἐπειδὴ
416 3287 512 3371 illud,
545 3286 629 3371 quod
662 3288 831 3370 scripserat
852 3271 1058 3369 AristotcleS,
1090 3289 1124 3350 in
1156 3287 1219 3349 ἐπεὶ
1248 3277 1283 3348 δὲ
1314 3285 1480 3366 mutando,
1512 3288 1587 3348 satis
1619 3289 1756 3368 potuerit
1776 3290 1929 3372 consequi
1952 3289 2037 3374 quod

291 3410 409 3491 voluit,
443 3408 512 3472 dico
535 3408 663 3470 tertium
695 3405 812 3472 librum
845 3427 919 3471 cum
953 3405 1213 3471 antecedentibus
1236 3408 1333 3470 unius
1362 3406 1570 3490 eiusdemque
1593 3408 1697 3482 operis
1719 3406 1858 3471 vinculis
1880 3411 2035 3494 copulare.

290 3530 406 3594 Nonne
428 3528 528 3592 multo
551 3529 757 3592 verisimilius
782 3533 829 3591 est
861 3530 925 3592 iam
956 3530 990 3591 in
1013 3528 1128 3592 chartis
1157 3526 1196 3590 ab
1217 3527 1386 3592 Aristotele
1421 3528 1538 3591 relictis
1568 3545 1645 3590 casu
1675 3527 1794 3590 intelici
1817 3529 2037 3596 confusionem

292 3653 385 3714 istam
407 3667 479 3712 esse
501 3653 642 3712 exortam
666 3653 696 3712 ct
713 3651 778 3712 iam
800 3651 939 3732 aprime
971 3647 1090 3713 editore
1122 3649 1323 3734 peripatetico
1351 3647 1434 3712 mala
1461 3647 1610 3711 fidelitate
1630 3652 1801 3731 servatam,
1832 3651 1895 3713 nisi
1917 3654 2038 3716 interea

292 3771 399 3854 potius
414 3769 518 3832 extitit
539 3771 659 3833 ratione
681 3768 784 3852 nobis,
806 3772 840 3832 ut
862 3769 1017 3852 permulta
1037 3770 1071 3832 in
1093 3769 1144 3832 his
1162 3768 1268 3845 rebus,
1289 3769 1384 3852 plano
1408 3767 1563 3831 obscura?
1585 3766 1716 3832 Accedit
1732 3769 1924 3851 quodetiam
1946 3792 2036 3856 prae-

293 3890 457 3953 cedentem
479 3888 623 3953 eiusdem
645 3889 754 3973 cupitis
776 3895 915 3972 partem,
948 3892 1040 3954 cuius
1062 3909 1149 3953 nunc
1171 3890 1312 3954 clausula
1335 3893 1409 3953 sunt
1441 3889 1548 3952 omnia
1569 3888 1624 3952 illa
1657 3888 1763 3967 verba,
1797 3894 1936 3973 spuriam
1966 3914 2038 3959 osso

293 4013 378 4084 satie,
402 4016 437 4074 ut
457 4009 534 4072 mibi
558 4009 686 4092 quidem
709 4009 845 4092 ridetur,
877 4011 1103 4075 demonstravit
1126 4009 1327 4088 Wilson³⁴l¹
1372 4009 1460 4086 Quae
1492 4029 1566 4073 cum
1587 4011 1631 4073 ita
1653 4011 1728 4092 sint,
1761 4029 1799 4073 ea
1832 4015 1958 4078 omnia
1989 4033 2038 4078 ro·

293 4130 410 4193 dactori
431 4130 536 4213 potius
557 4130 765 4214 impertienda
787 4149 859 4195 esso
881 4149 1005 4194 censeo.
1049 4130 1123 4197 Sive
1146 4135 1251 4196 autem
1273 4131 1331 4196 hoc
1352 4151 1464 4195 verum
1479 4135 1529 4194 cst
1542 4132 1611 4193 sive
1634 4132 1737 4195 verior
1757 4132 1896 4197 virorum
1912 4133 2037 4198 illorum

295 4251 465 4331 sententia,
484 4269 548 4314 non
570 4249 666 4314 simul
688 4248 772 4314 idem
795 4270 833 4315 ea
855 4270 981 4336 quoque
1004 4251 1128 4335 adiecit,
1149 4271 1231 4336 quae
1254 4250 1408 4317 Rabeus
1430 4251 1469 4315 ab
1492 4270 1529 4315 ee
1542 4250 1662 4316 adiecta
1678 4271 1749 4316 esse
1772 4255 1927 4337 opinatur.
1958 4255 2040 4318 Nam

295 4375 329 4432 ut
351 4369 406 4432 illa
428 4369 490 4430 ἐπεὶ
512 4359 604 4440 dibi,
627 4371 692 4458 τρία
715 4395 743 4433 ιι.
765 4396 793 4435 τ.
817 4375 845 4434 λ.
868 4370 1022 4438 1403·“34
1045 4391 1126 4456 sqq,
1158 4373 1190 4435 id
1219 4373 1304 4457 quod
1336 4374 1541 4438 ostenderunt
1573 4373 1815 4458 Spengelius
1847 4379 1878 4439 et
1903 4375 2042 4438 Vahle-

296 4471 387 4571 ιιιιε,
421 4491 610 4572 inepitarum
640 4497 715 4556 sunt
736 4493 848 4576 plena,
880 4495 923 4557 ita
945 4495 1020 4557 bace
1042 4493 1137 4556 140312
1159 4495 1273 4558 o-le
1300 4496 1421 4560 nullam
1442 4494 1581 4558 subeunt
1602 4497 1883 4582 vituperationem,
1906 4515 2043 4580 cumque

296 4629 334 4673 ea
355 4611 389 4674 in
412 4628 445 4674 ro
467 4629 540 4675 cum
562 4609 693 4678 Rabeo
714 4616 928 4697 consentiam,
954 4614 1053 4699 quod,
1075 4615 1158 4679 siout
1177 4615 1261 4700 dixi,
1288 4617 1364 4680 mibi
1387 4635 1514 4700 quoque
1537 4618 1627 4700 baec,
1661 4619 1689 4682 si
1720 4618 1782 4681 ἐπεὶ
1805 4609 1841 4680 δὲ
1863 4636 1918 4700 pro
1940 4611 2043 4686 ἐπειδὴ

462 4863 511 4933 32)
529 4868 560 4920 L.
579 4866 597 4920 l.
616 4884 641 4938 p.
661 4869 701 4923 ΙΙ.
720 4887 745 4924 ιι.
770 4870 793 4925 Ι.

463 4951 509 5022 33)
527 4951 558 5006 Ia.
579 4953 595 5006 l.
613 4971 639 5024 p·
660 4955 701 5010 17.
723 4972 749 5010 ιι.
769 4957 801 5012 3:
831 4958 976 5022 „Derselbe
993 4959 1126 5014 Radactor
1152 4959 1202 5014 hat
1219 4959 1288 5013 wohl
1305 4959 1374 5014 auch
1401 4959 1443 5013 die
1470 4976 1561 5028 grosse
1579 4977 1630 5014 νυιι
1657 4958 1802 5027 Spengel
1828 4961 2045 5028 nuchgewiesaue

301 5040 501 5109 Verschiebung
519 5041 556 5094 im
573 5043 684 5096 aweiten
702 5043 795 5099 Bucha
815 5046 1009 5101 versohuldet¹·.
1045 5047 1128 5102 Recta
1145 5047 1196 5102 hoo
1213 5047 1323 5116 negarit
1340 5047 1471 5100 Rabona
1491 5065 1517 5117 p.
1531 5047 1573 5100 32.
1593 5064 1618 5100 n.
1635 5046 1656 5107 l,
1675 5045 1720 5098 sed
1738 5061 1786 5099 cur
1803 5051 1892 5114 neget,
1903 5065 1956 5102 non
1970 5049 2045 5104 dixit.

463 5131 507 5198 34)
526 5130 716 5185 Tramactions
735 5131 823 5185 ottho
841 5133 940 5190 Oriord
957 5133 1135 5203 Philological
1152 5134 1260 5202 Socicty
1277 5133 1454 5190 roae-1884.
1473 5149 1499 5206 p.
1517 5135 1533 5190 4
1551 5149 1590 5204 eq.
1626 5131 1667 5187 ef.
1687 5133 1864 5188 Susamihl.
1896 5135 2047 5194 Juhresber.

300 5221 346 5280 der
362 5221 438 5276 close.
457 5221 614 5276 Alterthrw.
632 5218 719 5276 Xon.
737 5237 763 5292 p.
781 5222 816 5276 38
829 5237 871 5292 aq.
