4820 5922
1107 429 1238 516 XVIII

301 655 379 714 ἔοικε
399 674 428 713 κ.
450 675 479 713 τ.
500 655 528 717 λ,
570 641 651 714 Nam
675 651 784 713 τοῦτον
805 645 859 713 τὸν
879 643 990 737 τρόπον
1010 653 1171 736 significat
1192 657 1267 721 boc:
1293 653 1856 736 ,6116661666666166666166166,
1886 653 2052 734 postquam

300 775 392 836 antea
414 771 473 834 luit
499 770 668 854 eligarcbie
689 773 743 833 aut
764 772 909 851 tyrannis
933 803 965 822 ε
989 769 1063 834 ὅταν
1086 765 1119 847 ἐξ
1141 771 1314 861 ὀλιγαρχίας
1333 771 1352 844 ἢ
1374 766 1541 861 τυραννίδος
1562 771 1684 858 γένηται
1705 763 1891 856 δημοκρατία
1914 771 1977 832 69
2004 787 2051 852 sq.

302 891 430 956 Rectius
454 892 581 976 quidem
605 892 785 974 scripsisset
807 891 994 955 Aristoteles
1017 913 1046 960 v.
1072 895 1111 957 15
1134 914 1181 979 sq.
1203 888 1260 968 τὰς
1280 895 1314 956 ἐκ
1337 899 1392 968 τῆς
1415 891 1590 979 ὀλιγαρχίας
1615 887 1634 960 t
1662 895 1718 964 τῆς
1738 881 1905 976 τυραννίδος
1926 890 1976 950 καὶ
1997 881 2053 961 τὰς

300 1018 354 1086 τῆς
385 1012 536 1085 πολιτείας
564 1001 685 1087 ταύτης,
718 1011 773 1074 666
796 1030 908 1075 onrnes
931 1012 1023 1076 hodie
1046 1017 1167 1080 sciurus
1201 1017 1280 1079 tales
1311 1015 1559 1098 permutationes
1581 1011 1665 1094 apud
1688 1031 1762 1074 eum
1785 1015 1848 1074 tam
1870 1009 2051 1092 frequentes

300 1151 383 1214 esse,
406 1136 441 1195 ut
459 1133 606 1214 exenrpla
628 1131 777 1214 colligere
800 1133 841 1193 sit
862 1132 966 1195 ululas
988 1133 1132 1198 Athenas
1154 1139 1287 1220 portare.
1910 1221 1913 1227 Ι

464 1249 566 1334 Magis
589 1250 706 1314 dubius
730 1269 812 1331 snm,
845 1271 929 1314 anne
951 1257 1035 1316 recte
1057 1253 1269 1335 Niemcyer
1301 1253 1397 1336 paulo
1430 1257 1501 1337 post
1526 1251 1620 1314 iaie·
1641 1251 1680 1312 26
1703 1268 1775 1312 cum
1810 1245 2050 1311 Schneidero

300 1365 355 1438 τὴν
376 1371 453 1433 velit
474 1371 646 1452 expellere,
669 1389 780 1432 vorsum
804 1370 842 1432 66
861 1371 920 1432 666
942 1391 975 1433 re
999 1392 1061 1435 nou
1086 1373 1212 1456 disputo
1233 1393 1329 1454 rrrrne,
1352 1373 1414 1436 alio
1436 1373 1569 1436 fortasse
1591 1375 1731 1453 tempore
1753 1365 1928 1452 disputabo.
1957 1363 2052 1428 Nune

298 1509 417 1573 paucos
440 1492 546 1572 potins
569 1491 647 1552 alios
671 1491 756 1554 locos
780 1493 811 1552 in
836 1491 1029 1554 editionibus
1053 1495 1132 1555 meis
1147 1497 1310 1577 corrigam.
1342 1491 1378 1555 16
1393 1493 1504 1556 codem
1529 1487 1728 1568 libro⁵⁴)lII,
1746 1485 1903 1552 161281·
1930 1486 1965 1546 15
1981 1502 2050 1569 sqq.

298 1613 345 1674 sic
366 1611 561 1694 distinguere
584 1609 680 1672 verba
702 1610 871 1674 debebam:
904 1609 985 1673 τοῦτ’
1012 1609 1066 1673 οὐκ
1088 1603 1192 1674 ἄδικόν
1214 1613 1302 1688 ἐστιν,
1332 1603 1417 1685 ἔδοξε
1443 1605 1499 1695 γὰρ
1520 1603 1554 1678 ri.
1572 1607 1625 1670 dtu
1649 1611 1694 1687 τῷ
1718 1605 1805 1692 κυρίῳ
1829 1595 1962 1676 δικαίως·
1993 1595 2050 1666 τὴν

298 1723 349 1793 οὖν
370 1753 397 1792 α.
421 1753 449 1791 τ.
471 1733 500 1791 λ.
520 1733 551 1792 61
576 1729 623 1791 ll.
649 1728 743 1792 1288*
768 1729 806 1792 13
826 1729 888 1792 si0:
912 1733 1031 1804 πλῆθος
1052 1725 1215 1814 πολεμικὸν
1236 1721 1404 1816 δυνάμενον,
1427 1749 1631 1815 quamquam,
1655 1730 1681 1792 si
1704 1747 1816 1790 verum
1841 1723 1920 1787 vidit
1940 1721 2047 1802 Hay·

298 1851 492 1931 6661166,
514 1853 598 1912 recta
625 1850 837 1932 interpunctio
860 1869 970 1933 reapse
995 1851 1069 1914 baec
1093 1854 1154 1914 cst:
1175 1841 1252 1924 ἦθος
1267 1841 1439 1935 πολεμικόν,
1461 1841 1630 1932 δυνάμενον.

464 1968 649 2052 Complures
674 1988 750 2032 suas
772 1968 969 2032 coniecturas
1004 1988 1127 2032 mecum
1152 1972 1399 2034 communicarit
1428 1969 1457 2032 N
1467 1971 1658 2049 iemoyer,
1690 1985 1770 2050 quas
1806 1967 1920 2048 partim
1956 1982 2047 2027 voras

298 2090 411 2171 partim
434 2089 549 2171 dignas
571 2088 684 2150 saltem
708 2087 821 2164 babeo,
852 2108 934 2171 qnae
956 2087 1177 2171 divulgantur,
1200 2108 1339 2173 cumque
1362 2089 1415 2152 illo
1440 2089 1516 2152 mihi
1540 2087 1598 2150 hoc
1620 2087 1813 2169 permiserit,
1837 2084 1972 2148 breviter
1992 2101 2047 2147 eas

296 2207 462 2271 vobiscum
486 2208 747 2270 communicabo:
782 2210 1007 2271 accuratiorem
1030 2208 1069 2271 do
1091 2211 1138 2271 cis
1165 2209 1429 2288 dissertationem,
1452 2207 1555 2292 quoad
1572 2207 1702 2270 omuino
1724 2225 1762 2269 eu
1784 2225 1864 2290 opus
1886 2208 1951 2285 est,
1972 2206 2045 2266 item

205 2327 214 2346 '
297 2327 436 2391 differam
460 2329 493 2390 in
517 2327 603 2390 aliud
624 2332 760 2411 tempus.

466 2445 510 2509 VI
534 2446 614 2530 (11),
637 2451 666 2511 4.
692 2445 787 2511 12901
819 2448 912 2510 3-6
944 2439 1071 2534 καὶγὰρ
1103 2441 1140 2507 ἂν
1171 2481 1211 2491 -
1233 2435 1774 2529 ρ6ρ61λ6ν61611666611666616616
1799 2439 2046 2507 1290110-13

297 2568 412 2650 μᾶλλον
443 2601 485 2612 -
516 2563 612 2649 ὀλίγοι
642 2569 725 2629 reete
757 2567 914 2629 intellexit
946 2565 1161 2645 Niemcyer:
1198 2568 1230 2627 61
1261 2564 1384 2629 tolerari
1406 2575 1540 2650 possunt
1569 2567 1663 2629 etiam
1697 2566 1750 2630 ubi
1774 2585 1859 2628 nunc
1887 2563 2048 2648 leguntur,

296 2687 479 2769 praesertim
515 2705 587 2748 cum
618 2688 841 2770 peripateticus
875 2704 1001 2769 qnoque
1029 2687 1067 2766 ie,
1099 2686 1154 2768 qui
1184 2686 1240 2748 has
1274 2687 1369 2750 huius
1400 2686 1471 2750 libri
1503 2693 1606 2772 partes
1639 2688 1763 2772 scripsit
1791 2691 1877 2767 (nam
1900 2687 1955 2748 vix
1978 2685 2049 2749 Ari·

297 2805 416 2868 stotelis
440 2809 527 2888 sunt)
550 2805 661 2868 eadem
683 2804 816 2868 sortasse
847 2806 967 2868 ratione
991 2823 1069 2892 usus
1090 2806 1141 2886 sit,
1174 2825 1237 2888 qiua
1259 2807 1387 2888 saepius
1410 2807 1478 2890 ipse
1500 2807 1647 2891 Stageira
1659 2814 1710 2889 55),
1734 2811 1767 2871 nt
1789 2811 1897 2892 postea
1917 2805 2045 2869 demum

294 2924 424 2988 forsitan
448 2926 525 2990 haee
544 2925 695 2989 661666τί1
717 2927 824 2988 minus
845 2923 959 2988 idoneo
980 2923 1058 2986 loco.

469 3180 517 3244 54)
539 3177 636 3232 Nescio
654 3194 687 3230 sn
707 3179 731 3231 6.
751 3177 880 3234 1118141
900 3178 1020 3233 conicere
1037 3176 1145 3230 debeam
1164 3175 1205 3228 aad
1225 3169 1359 3245 <ιιατᾶ>.

464 3267 513 3333 55)
532 3265 667 3320 Nonnulla
685 3265 765 3320 huius
783 3265 889 3334 generis
907 3264 1028 3334 exempla
1050 3265 1145 3318 attulit
1164 3264 1340 3318 llielseius
1366 3282 1391 3334 p.
1410 3265 1452 3320 10.
1472 3283 1496 3320 6.
1519 3273 1540 3321 1.
1577 3267 1685 3321 Erravit
1701 3271 1792 3322 166666
1810 3265 1842 3320 66
1860 3265 1924 3321 1116.
1943 3262 2004 3318 Nic.
2026 3261 2049 3324 Ι,

299 3355 324 3408 4.
345 3353 521 3408 rmore-t:
537 3354 673 3406 nonenim
689 3354 764 3417 haec,
783 3353 828 3407 666
846 3355 965 3423 proxime
983 3351 1168 3406 antecedentia
1185 3345 1311 3419 ἀποριίσειε
1323 3349 1487 3424 -6ιρηρέρου
1505 3354 1584 3408 1096·
1593 3353 1693 3408 33-15
1712 3357 1805 3423 postea
1823 3351 1927 3406 6616616
1939 3353 2004 3403 6661
2016 3347 2049 3401 ab

297 3442 453 3506 Aristotele,
466 3445 494 3496 et
513 3441 618 3495 adiecta
637 3440 742 3510 quidem
756 3445 820 3496 6661
837 3441 871 3494 66
892 3441 971 3495 1096·
991 3439 1022 3494 16
1033 3456 1082 3509 sq..
1104 3456 1126 3491 ν.
1147 3439 1323 3494 Susamihl.
1346 3441 1363 3494 l.
1382 3441 1399 3494 l.
1417 3458 1443 3511 p.
1465 3442 1502 3494 14.
1517 3457 1542 3494 n.
1564 3441 1603 3496 14.
1629 3440 1708 3494 11666
1720 3443 1792 3495 recte
1814 3437 2002 3505 1166666166
2021 3434 2049 3487 16

295 3527 364 3580 Mus.
375 3527 461 3580 Rhun.
480 3525 573 3579 XLIII
590 3527 657 3579 1688
676 3543 700 3596 p.
719 3527 770 3582 681
788 3526 820 3580 66
838 3527 882 3582 his
898 3527 980 3582 refert
998 3526 1077 3581 haec:
1097 3527 1248 3590 „Susemihl
1274 3528 1346 3582 nieht
1363 3527 1406 3583 die
1425 3529 1508 3584 Stella
1533 3529 1572 3583 als
1590 3531 1648 3583 eine
1665 3527 1864 3594 Etnschaltung
1877 3523 2050 3578 desiderans·

295 3614 389 3682 gebers
407 3631 441 3668 an
454 3613 508 3668 und
522 3614 663 3668 llammert
679 3613 718 3668 sio
728 3615 797 3668 616“.
822 3615 886 3670 Feci
904 3615 1011 3684 quidem
1025 3615 1076 3669 hoe
1094 3615 1121 3668 16
1140 3615 1227 3684 priore
1240 3616 1377 3685 impresso,
1386 3615 1432 3670 sed
1444 3617 1498 3670 lam
1511 3616 1548 3670 ibi
1565 3616 1592 3668 16
1611 3613 1745 3669 16666616
1759 3631 1783 3682 p.
1798 3613 1850 3666 246
1864 3615 1955 3666 monui
1967 3612 2047 3666 haee:

296 3701 471 3764 „109e34—
482 3701 525 3754 15.
536 3694 681 3767 *ἀπορήσειε
691 3731 723 3740 —-
734 3697 879 3771 ἐρημίρου*,
895 3719 962 3771 quae
976 3704 1028 3756 lam
1040 3703 1108 3770 legIt
1119 3702 1254 3758 Eudemus
1274 3705 1353 3759 1218Ι
1369 3707 1464 3768 8-15,
1483 3704 1617 3758 asteriscis
1638 3704 1678 3756 sic
1696 3702 1790 3756 melius
1807 3716 1887 3770 quam
1906 3701 1980 3753 uncis
1998 3699 2050 3753 clr-

295 3787 537 3858 onmscripsissom:
557 3787 682 3842 ridentur
700 3788 770 3842 enirn
780 3789 813 3842 ab
827 3789 884 3859 ipso
898 3791 988 3859 potius
997 3790 1142 3844 Aristotele
1160 3789 1193 3844 66
1206 3807 1228 3844 ν.
1251 3792 1282 3844 16
1292 3807 1330 3860 sq.
1344 3791 1372 3844 in
1391 3791 1512 3859 margine
1524 3807 1581 3844 osse
1599 3787 1730 3842 adiecta“.
1756 3788 1793 3841 Et
1805 3788 1844 3841 sio
1856 3804 1872 3841 a
1886 3803 1927 3840 nra
1946 3785 2048 3841 laetum

295 3877 347 3938 661,
366 3891 427 3928 enm
448 3873 531 3928 661116
550 3891 609 3928 nrea
627 3875 723 3928 iterum
743 3877 948 3945 imprimeretur.
985 3878 1055 3932 Huic
1075 3881 1165 3931 antem
1183 3879 1282 3932 rationi
1305 3879 1415 3933 minime
1433 3893 1581 3947 repugnare
1600 3875 1635 3939 16,
1663 3875 1734 3945 quod
1761 3873 1950 3929 animaduertit
1966 3874 2048 3927 1166-

297 3963 429 4026 666166,
448 3961 507 4016 dieo
526 3961 592 4016 haee
610 3962 707 4032 respici
725 3963 752 4016 ln
772 3963 856 4018 verbis
870 3963 955 4018 leeth
970 3965 1003 4018 33
1021 3958 1038 4030 ἦ
1056 3959 1177 4033 χωριστόν
1196 3984 1216 4016 τι
1234 3959 1294 4018 αὐτὸ
1312 3960 1372 4018 καθ’
1392 3961 1461 4031 etet,
1475 3965 1542 4020 satis
1554 3965 1653 4033 liquet:
1673 3964 1754 4016 imme
1767 3963 1835 4016 nihil
1853 3962 1914 4016 inde
1926 3961 2048 4031 sequitur

302 4049 354 4102 nisi
372 4050 425 4102 ista
445 4066 549 4118 quoqne
568 4049 647 4102 rerba
664 4053 757 4119 postea
775 4067 831 4104 6666
849 4052 883 4104 ab
901 4052 1046 4106 Aristotele
1064 4051 1176 4106 6616616.
1213 4053 1309 4108 Omnia
1327 4053 1394 4107 haee
1412 4055 1436 4107 61
1453 4057 1583 4112 tenemus.
1602 4066 1655 4104 666
1675 4067 1740 4120 opus
1758 4052 1807 4112 661,
1826 4048 1853 4103 16
1871 4047 1941 4118 quod
1961 4047 2047 4100 uoluit

302 4135 488 4189 Bassovius
506 4135 574 4189 1166.
594 4135 679 4189 eren.
698 4135 755 4190 XL.
776 4137 851 4193 1885.
870 4155 894 4208 p.
914 4140 967 4193 314
984 4156 1032 4208 sq„
1052 4137 1263 4193 additamentum
1288 4139 1354 4194 illud
1373 4141 1424 4194 sic:
1444 4133 1500 4190 olet
1521 4131 1582 4202 <rb
1599 4129 1760 4203 αὐτοαγαθόν
1776 4135 1817 4187 καὶ
1833 4129 1862 4187 τὰ
1881 4127 2012 4201 irride>
2032 4120 2048 4202 ᾇ

299 4216 398 4290 ἀγαθόν
415 4222 509 4288 (lebet
524 4223 552 4290 4)
571 4223 612 4276 vel
629 4221 754 4276 slmiliter
771 4225 878 4288 sarcire,
910 4223 956 4278 666
985 4225 1058 4278 66116
1076 4227 1139 4292 eget
1156 4229 1266 4289 sertore,
1285 4226 1358 4280 nullo
1385 4225 1495 4280 medleo.
1533 4225 1569 4278 Ilt
1587 4225 1717 4279 iaciamus
1736 4223 1909 4278 Aristotelem
1927 4215 2050 4276 1166661-

297 4311 389 4380 psisse.
408 4310 581 4364 nihilominus
600 4310 681 4363 etiarn
699 4309 738 4364 sic
757 4311 884 4366 restituta
904 4313 982 4366 verba
1000 4317 1164 4382 pervertunt,
1189 4318 1423 4384 perverterentque
1441 4314 1523 4367 etiam
1550 4317 1608 4364 tum
1634 4315 1664 4364 61
1683 4310 1782 4364 tradite
1799 4313 1864 4364 sunt
1881 4313 1938 4364 tum
1959 4311 1991 4362 ut
2008 4325 2049 4362 re·

295 4401 416 4451 staurare
434 4413 465 4451 ea
484 4396 568 4450 soleii
585 4396 790 4460 Rassouius,
808 4397 832 4451 si
849 4402 912 4468 post
934 4400 1015 4453 111961
1033 4401 1048 4454 1
1073 4401 1138 4450 δοκεῖ
1156 4401 1341 4463 traicerentur,
1359 4399 1561 4468 dispositionem
1580 4397 1663 4450 bonae
1681 4396 1748 4450 artis
1765 4395 1945 4465 plenissimam
1965 4393 2049 4447 161166

296 4483 376 4538 66166
395 4483 501 4553 eapitis,
520 4499 599 4552 qnam
618 4483 725 4551 egregie
744 4485 897 4554 explanarit
913 4485 1093 4540 Nontnlius
1113 4485 1141 4540 in
1162 4488 1230 4540 Anu.
1249 4487 1343 4557 philol.
1360 4485 1456 4542 CXIX.
1475 4485 1552 4541 1819.
1570 4502 1595 4555 p.
1610 4485 1644 4537 25
1657 4500 1713 4553 sqq.
1749 4482 1889 4538 Noeteli
1906 4497 2048 4550 argumen-

297 4571 413 4626 tationes
431 4571 548 4624 reiutare
566 4569 678 4624 debebat
695 4571 893 4637 Rsesovius,
920 4573 944 4628 61
961 4579 1076 4644 poterat,
1095 4577 1125 4628 at
1147 4575 1189 4628 ria
1208 4574 1308 4644 poterit
1325 4573 1474 4643 quisquam.
1511 4571 1641 4627 Similiter
1659 4571 1855 4626 Bassorins
1873 4568 1981 4624 6166116
1999 4567 2048 4621 66-

296 4659 402 4713 iendere
420 4657 505 4711 voluit
522 4657 666 4725 genuinam
693 4659 823 4727 originem
849 4660 946 4728 eapitis
964 4661 1122 4715 Itthieorum
1138 4662 1378 4718 Nicomacheemm
1396 4659 1434 4722 ΙΙ,
1459 4661 1483 4725 1,
1502 4660 1519 4713 l.
1538 4660 1555 4713 l.
1574 4657 1675 4713 XLIII.
1694 4675 1720 4728 p.
1739 4659 1791 4712 589
1811 4657 1928 4712 refutare
1946 4654 2047 4720 debuit,

295 4761 348 4799 non
366 4745 473 4799 61166116
492 4745 636 4814 praeterire
655 4745 814 4810 gravissima
831 4753 990 4815 argumenta
1015 4748 1048 4802 D.
1067 4749 1098 4802 B.
1119 4749 1293 4802 Monronis
1322 4747 1423 4812 (Journ.
1452 4747 1482 4801 61
1496 4745 1593 4800 Philol.
1612 4745 1675 4800 VII.
1698 4747 1771 4800 1816.
1790 4763 1815 4814 p.
1834 4744 1886 4799 185
1904 4749 1992 4814 sqq.l,
2017 4747 2047 4796 61

295 4832 393 4885 iterum
414 4847 512 4894 vereor,
532 4835 562 4884 nt
579 4836 680 4900 queant
698 4831 818 4886 relutari.
853 4833 1045 4888 Gravissimum
1075 4851 1167 4888 oornrn
1185 4835 1236 4889 hee
1254 4835 1311 4888 1666
1330 4833 1402 4887 6666
1422 4832 1468 4888 616
1486 4850 1514 4887 re
1532 4833 1584 4888 erit
1602 4837 1729 4902 repetere.
1765 4831 1878 4886 Prorsus
1895 4831 1988 4900 inepta
2005 4834 2047 4884 est

295 4919 374 4981 ratio,
395 4935 447 4988 666
464 4919 516 4971 666
534 4921 617 4987 ceput
634 4919 835 4988 agglutinatur:
867 4915 1091 4990 6661666μή
1121 4915 1195 4990 μόνον
1212 4914 1325 4972 καθόλου
1343 4918 1468 4986 λέγεσθαι,
1486 4913 1553 4974 ἀλλὰ
1573 4920 1614 4972 ael
1640 4921 1690 4978 τοῖς
1716 4911 1777 4970 καθ’
1802 4919 1893 4970 ἕκαστα
1909 4911 2045 4987 ἁρμόττειν.

295 5002 319 5056 ἐν
330 4999 378 5072 γὰρ
396 5007 445 5064 τοῖς
458 5004 511 5072 περὶ
520 4998 664 5073 emnedzar
676 4999 757 5073 λόγοις
770 5005 793 5059 ot
808 5005 850 5077 pte
862 5002 976 5060 καθόλου
989 5002 1115 5078 νιενιότεροί
1133 5007 1195 5074 εἰσιν,
1209 5007 1232 5060 oi
1249 5001 1271 5058 δ’
1291 5003 1329 5058 en
1346 5005 1433 5076 μέρους
1447 5001 1633 5075 ἀληθινώτεροι·
1652 5007 1705 5076 περὶ
1722 5001 1770 5075 γὰρ
1789 5001 1819 5060 τὰ
1838 4999 1898 5058 καθ’
1918 5004 2008 5056 &aare
2020 5003 2045 5056 al

295 5087 395 5160 πράξας,
411 5090 466 5143 δέον
484 5085 514 5158 δὴ
535 5087 568 5158 (δ’
588 5098 636 5146 661
657 5091 685 5144 et
702 5092 801 5158 166166)
822 5091 859 5145 161
877 5089 970 5147 τούτων
988 5099 1130 5165 συμφωνεῖν.
1156 5097 1226 5152 Nem
1251 5095 1405 5150 nouaclum
1425 5095 1589 5163 generatIm,
1608 5111 1698 5149 rernm
1723 5096 1805 5148 etiam
1823 5095 1976 5166 specialiter
1993 5111 2046 5148 non

295 5179 582 5250 ethicatantnmmodo
597 5179 756 5249 6166111166,
771 5180 816 5234 sed
829 5199 920 5236 omnes
934 5181 1090 5252 disciplinae
1108 5182 1264 5238 tractandae
1276 5185 1348 5245 6661,
1366 5181 1461 5236 661666
1479 5183 1530 5237 666
1547 5199 1600 5236 666
1618 5183 1650 5236 61
1667 5182 1718 5237 hoe
1735 5185 1889 5252 conspeetu,
1902 5183 1948 5237 sed
1963 5184 2046 5238 etiam

296 5269 355 5322 6166
373 5283 403 5320 eo
423 5283 469 5336 per
488 5265 585 5321 librum
604 5267 648 5320 111
666 5267 727 5321 inde
744 5285 761 5320 a
778 5269 866 5340 capite
884 5287 953 5324 nono
971 5274 1000 5324 61
1017 5287 1064 5340 per
1081 5271 1161 5325 libros
1173 5269 1213 5324 IV
1225 5274 1254 5324 61
1264 5269 1297 5334 V,
1310 5286 1395 5338 noque
1413 5272 1503 5322 tamen
1522 5269 1572 5323 lrse
1590 5268 1793 5323 dissertationes
1810 5271 1938 5340 speciales
1959 5269 2046 5340 magis

295 5358 359 5409 sunt
376 5347 435 5422 πρὸς
452 5347 483 5405 τὰ
500 5347 560 5406 καθ’
580 5353 670 5406 ἕκαστα
689 5371 767 5424 qnam
786 5357 918 5424 generalis
935 5374 980 5412 eas
1000 5359 1173 5428 praecedens:
1200 5358 1282 5414 Immo
1301 5355 1441 5412 confundit
1458 5355 1634 5426 interpolator
1661 5358 1731 5411 inter
1748 5373 1776 5411 ee
1800 5357 1927 5427 specialia
1945 5361 2046 5414 61616-
